2069 3697
587 466 1091 542 oURthUfflM
1135 487 1397 543 VITAE.

240 647 360 703 Ego,
399 645 619 688 Castores
655 644 956 686 HERMANNUS
993 646 1252 690 Comminus
1281 647 1616 704 Bunmssxsrssn,
1650 652 1852 697 Sundiae

115 728 234 756 anno
256 714 555 757 MDCCCVH
580 719 704 768 patre
728 713 1029 758 CHRISTIANO
1055 718 1331 759 HERMANNO
1348 749 1361 771 ,
1391 719 1605 777 vectigali
1625 721 1851 779 exigendo

111 784 342 840 praesecto
360 817 372 838 ,
403 790 546 825 matre
571 784 912 824 VVILHELMINA
935 797 958 824 e
981 791 1114 841 gente
1137 787 1455 830 FREUNDIANA
1478 796 1626 844 natus,
1663 791 1851 847 primis-

110 868 204 912 que
226 854 454 896 infantum
475 850 640 894 scholis
664 864 744 906 per
768 851 954 908 aliquod
977 860 1155 910 tempus
1181 852 1382 898 imbutus
1397 889 1410 910 ,
1438 872 1551 901 mox
1571 859 1620 901 111
1642 862 1852 916 Gymna-

115 923 183 965 510
207 922 330 966 urbis
347 957 358 977 ,
412 922 534 980 quod
571 934 690 964 anno
714 921 1018 967 MDCCCXV
1049 921 1259 979 petebam
1275 956 1286 977 ,
1340 925 1645 971 humanarum
1668 922 1849 976 littera-

115 1006 217 1034 rum
241 993 380 1035 initiis
402 990 571 1034 sensim
595 987 854 1046 sensimque
875 1005 961 1033 usu
985 991 1251 1050 quotidiano
1272 991 1505 1052 iungebar.
1574 1001 1850 1059 Praecepto-

115 1061 238 1104 ribus
262 1077 355 1104 non
376 1061 527 1102 minus
548 1057 849 1116 gravissimis,
893 1076 1032 1119 quam
1065 1060 1364 1116 doctissimis,
1407 1066 1701 1127 maximeque
1730 1078 1850 1114 stre..

110 1132 219 1174 ,111115
243 1132 458 1190 gaudens,
479 1134 526 1172 X
550 1128 678 1171 annis
701 1129 862 1185 elapsis
884 1129 933 1172 in
958 1145 1011 1173 eo
1034 1145 1181 1185 eram,
1222 1138 1272 1172 ut
1297 1133 1568 1180 academicis
1591 1140 1749 1183 studiis
1772 1156 1850 1185 me

110 1201 349 1260 ,accingere
381 1201 550 1243 iustum
584 1205 719 1255 atque
755 1208 912 1254 aptum
944 1208 1167 1260 putarem.
1251 1204 1409 1261 Itaque
1440 1203 1488 1246 in
1520 1208 1689 1251 almam
1726 1212 1850 1267 Gry-

113 1270 270 1327 phiam
291 1286 365 1313 me
387 1270 583 1323 contuli,
631 1269 787 1328 ibique
806 1270 1076 1313 maturitatis
1109 1271 1319 1314 examine
1351 1271 1586 1332 absoluto,
1628 1279 1851 1339 signoque

116 1342 280 1397 gradus
303 1344 358 1382 II.
386 1348 542 1383 ornato
560 1373 570 1393 ,
606 1354 632 1380 a
654 1341 720 1382 Cl.
747 1341 799 1381 G.
825 1341 1096 1395 SPRENGEL,
1137 1340 1330 1398 chirurg.
1355 1357 1399 1398 p.
1427 1358 1470 1388 o.
1498 1377 1510 1399 ,
1543 1353 1577 1390 t.
1601 1353 1634 1390 t.
1657 1357 1846 1404 rectore,

116 1410 328 1465 iamiam,
360 1411 477 1466 proh
502 1409 651 1451 dolor!
683 1409 898 1451 defuncto
913 1441 923 1461 ,
954 1410 1004 1451 in
1027 1409 1197 1452 civium
1220 1412 1585 1457 academicorum
1607 1432 1851 1463 numerum

103 1487 320 1536 *receptus
343 1494 459 1522 sum.
529 1478 703 1535 Quodsi
738 1478 992 1520 litterarum
1027 1493 1155 1521 amor
1187 1488 1322 1538 atque
1345 1489 1533 1526 naturae
1555 1495 1849 1542 perscrutan-

114 1550 199 1592 dae
223 1550 413 1606 cupido,
457 1564 560 1592 cum
588 1549 680 1591 {am
702 1563 783 1604 per
807 1550 955 1604 plures
990 1563 1133 1593 annos
1169 1549 1354 1593 insectis
1387 1555 1644 1610 captandis,
1689 1555 1850 1601 obser-

113 1619 366 1678 randisque
388 1618 588 1663 maxime
612 1618 871 1672 delectarer,
896 1617 945 1659 in
965 1618 1051 1662 hac
1071 1618 1364 1665 universitate
1386 1629 1429 1663 et
1448 1624 1658 1680 nutritus,
1683 1634 1727 1669 et
1745 1642 1851 1675 ma—

115 1689 181 1747 gis
206 1689 440 1747 magisque
465 1696 623 1730 auctus
649 1694 738 1741 est,
780 1690 1051 1747 pler-“nmque
1081 1703 1177 1733 non
1209 1692 1359 1734 solum
1391 1691 1531 1739 verba
1562 1704 1690 1739 erant
1712 1698 1848 1747 huius

116 1759 224 1814 viri,
258 1759 335 1801 sed
359 1758 496 1800 etiam
517 1757 634 1811 vita,
677 1758 834 1800 virtuti
864 1765 1000 1815 atque
1025 1758 1183 1801 litteris
1205 1768 1414 1816 sacrata,
1447 1765 1574 1822 'quae
1606 1764 1654 1810 in
1690 1766 1849 1826 quoti..

114 1829 250 1871 diana
272 1829 365 1871 eius
390 1827 715 1871 consuetudine
736 1827 938 1869 animum
958 1842 1113 1869 meum
1135 1828 1454 1875 incendebant.

277 1898 477 1955 Collegia
500 1912 632 1951 vero,
675 1896 840 1955 quibus
874 1896 1024 1951 adfui,
1063 1898 1175 1941 haec
1206 1907 1334 1942 sunt:
1379 1902 1768 1949 Introductionem
1797 1907 1847 1951 in

116 1968 470 2026 philosophiam,
501 1967 681 2024 logicen
700 1974 742 2008 et
766 1967 1109 2023 metaphysicen
1133 1969 1552 2014 CLSTIEDENROTH
1577 1973 1707 2018 nobis
1732 1991 1847 2034 ape-

111 2039 215 2081 ruit.
280 2037 595 2094 Aristophanis
620 2038 938 2079 Achai-nenses
959 2069 971 2090 ,
1006 2037 1234 2080 Ciceronis
1259 2054 1340 2095 pro
1376 2041 1560 2097 Quintio
1590 2045 1845 2090 orationem

117 2112 208 2154 Cel.
244 2110 542 2150 SCHOEMANN
576 2106 891 2163 interpretatus
926 2114 1015 2160 est3
1064 2107 1299 2151 historiam
1333 2110 1537 2168 gentium
1568 2117 1840 2171 generalem,

115 2187 249 2238 atque
270 2180 572 2221 Borussorum
602 2177 727 2233 regni
761 2175 1005 2232 specialem
1031 2176 1096 2219 Cl.
1122 2180 1170 2220 P.
1196 2181 1244 2221 F.
1270 2181 1571 2224 KANGIESSER
1605 2183 1718 2227 mihi
1747 2192 1845 2228 tra-

115 2249 245 2291 didit.
293 2267 350 2277 -
391 2246 655 2302 Disciplinis
690 2246 903 2289 strictiori
939 2260 1073 2288 sensu
1107 2247 1161 2288 ad
1193 2248 1493 2304 medicinam,
1553 2252 1626 2294 cui
1656 2267 1844 2310 operam

115 2319 220 2360 dare
257 2317 419 2359 certior
451 2317 541 2371 sui,
587 2315 940 2373 pertinentibus,
989 2316 1019 2357 i.
1055 2329 1094 2357 e.
1121 2318 1416 2375 osteologiae,
1458 2322 1713 2364 anatomiae
1743 2331 1843 2367 tum

112 2388 363 2441 humanae,
396 2393 495 2428 tum
517 2400 787 2443 organorum
819 2401 975 2429 sensus
1013 2393 1322 2442 comparatae,
1366 2394 1501 2447 atque
1530 2390 1842 2450 physiologiae

113 2475 139 2501 a
164 2458 256 2503 Cel.
295 2460 343 2499 F.
377 2459 665 2499 RosENTnAL
701 2456 901 2499 initiatus
935 2471 1062 2509 sum3
1118 2456 1228 2497 dum
1248 2456 1411 2500 Dilect.
1436 2461 1758 2504 HORNSCHUCH
1791 2462 1842 2506 in

111 2527 325 2572 historiae
347 2526 561 2568 naturalis
586 2533 711 2582 parte
733 2525 931 2582 generali
952 2534 1087 2584 atque
1114 2527 1371 2582 plantarum
1396 2527 1680 2587 physiologia
1702 2539 1842 2574 natu..

111 2614 187 2642 rae
221 2596 457 2653 mysterias
490 2595 622 2639 nobis
645 2596 817 2653 aperire
850 2604 1061 2654 expertus
1086 2602 1168 2638 est.
1225 2598 1363 2638 Porro
1389 2597 1455 2640 Cl.
1481 2601 1753 2643 TrLLssEnm
1785 2602 1841 2644 de

111 2669 317 2726 physice,
352 2674 486 2724 atque
507 2669 587 2710 Dr.
611 2669 894 2709 HUNEFELDI
917 2666 1099 2719 scholis,
1134 2665 1191 2707 de
1213 2665 1390 2709 chemia
1410 2668 1611 2725 generali
1633 2677 1677 2713 et
1695 2671 1839 2727 phar-

113 2738 365 2782 maceutica
390 2735 580 2791 habitis,
621 2735 790 2779 adsedi.

272 2807 409 2861 Inde,
461 2821 580 2849 anno
603 2806 750 2863 primo
781 2805 1054 2865 alteriusque
1075 2804 1263 2848 dimidio
1290 2808 1619 2865 praeterlapso,
1650 2809 1699 2851 in
1718 2809 1838 2853 hanc

112 2878 366 2921 litterarum
395 2876 740 2920 universitatem
769 2877 1121 2920 Fridericianam
1143 2875 1339 2931 decessi,
1371 2874 1452 2919 ubi
1474 2879 1673 2921 Human.
1699 2881 1758 2921 D.
1783 2882 1833 2923 F.

114 2950 339 2990 GERLACH
355 2981 366 3002 ,
397 2953 430 2989 t.
455 2955 486 2990 t.
509 2955 764 3004 prorector,
795 2946 906 2989 civis
928 2945 1174 2989 academici
1208 2945 1414 2988 ordinem
1441 2946 1555 2989 mihi
1580 2948 1778 2992 tradidit.

273 3020 398 3075 Quae
429 3032 538 3061 vero
563 3025 740 3074 praeter
765 3016 1041 3059 medicinam
1069 3015 1154 3058 hic:
1166 3015 1380 3070 tractavi,
1410 3015 1633 3072 imprimis
1663 3017 1838 3061 doctri-

110 3102 196 3130 nae
216 3087 433 3144 physicae
456 3088 648 3129 suerunt.
709 3086 816 3129 Ideo
842 3086 889 3129 C.
916 3087 1231 3139 SPRENGELII,
1273 3100 1450 3128 summe
1470 3088 1743 3142 venerandi,
1774 3087 1836 3131 fi·-

104 3158 170 3203 lio
194 3173 275 3201 suo
301 3172 396 3200 non
426 3157 575 3199 minus
597 3155 711 3198 mihi
734 3155 1002 3198 liberalitate
1033 3162 1077 3197 et
1098 3162 1257 3212 patruo
1282 3154 1411 3213 quasi
1444 3170 1596 3199 amore
1627 3156 1836 3202 benevo-

107 3224 362 3280 lentissimi,
395 3224 452 3269 de
473 3240 521 3270 re
546 3220 752 3271 herbaria
772 3223 1097 3284 praelectiones
1120 3224 1333 3270 accedere
1355 3229 1492 3284 atque
1523 3226 1573 3271 in
1595 3228 1831 3274 excursio-
