2069 3697
713 149 1281 203 «-----·17υ--ψ

136 305 337 358 bricam
354 343 368 368 ‚
414 315 464 356 et
489 304 811 373 Hemiptera
836 307 1008 358 multo
1034 307 1204 376 magis
1231 325 1393 376 quam
1428 304 1660 379 Diptera
1692 330 1724 363 a
1744 313 1856 364 Le-

133 388 426 460 pidopteris
452 387 740 451 recedunt,
783 391 924 457 quod
953 409 1061 441 non
1085 392 1262 441 solum
1289 392 1396 442 oris
1419 404 1719 457 structura,
1762 396 1853 447 sed

135 474 288 524 etiam
314 471 815 539 metamorphoseos
852 474 985 525 ratio
1012 485 1253 526 testatur.
1341 477 1455 528 Cur
1497 497 1629 528 vero
1668 479 1859 548 Strep-

133 556 330 625 siptera
355 556 529 607 KIRB.
556 555 890 624 Hemipteris
917 557 1243 626 apponenda
1271 557 1390 617 sint,
1425 559 1570 610 haud
1597 562 1854 630 intelligo,

132 638 335 691 habent
364 638 506 689 enim
534 657 644 689 non
669 640 848 690 solum
870 641 1228 692 instrumenta
1257 641 1456 693 cibaria
1483 644 1673 709 libera,
1699 664 1855 696 mor-

130 722 336 785 dentia,
377 721 467 773 sed
494 723 652 774 etiam
681 724 1145 793 metamorphosin
1173 727 1497 795 completam
1519 767 1532 789 ‚
1576 728 1719 798 quod
1747 729 1857 781 iam

123 798 402 860 KIRBY3³>
437 805 847 859 demonstravit.
933 810 1051 876 Ego
1078 808 1294 877 quidem
1319 830 1465 876 reor,
1490 813 1855 882 Strepsiptera

128 910 255 942 cum
281 889 932 960 Hymenopteris-optime
957 892 1208 960 coniungi
1232 910 1412 961 posse,
1466 896 1666 965 talique
1689 895 1854 946 modo

125 975 181 1026 in
205 973 307 1023 hoc
331 973 521 1024 ordine
547 974 746 1024 insecta
779 974 1062 1042 parasitica
1085 976 1337 1044 priorum
1359 989 1623 1047 repetere.
1709 981 1856 1032 Ter-

125 1058 198 1110 tia
224 1067 404 1108 autem
431 1056 593 1107 sectio
620 1065 671 1107 et
700 1058 934 1108 suctoria
964 1068 1014 1109 et
1039 1059 1343 1110 mordentia
1367 1065 1603 1115 continet
1628 1065 1854 1125 Insecta,

124 1140 286 1211 igitur
320 1160 388 1191 ex
409 1139 534 1211 ipsis
559 1140 860 1210 systematis
885 1141 1165 1212 principiis
1190 1143 1352 1212 plane
1379 1145 1699 1202 damnanda.

880 1332 926 1401 ς.
966 1334 1118 1387 Xlu.

290 1459 430 1510 Cum
475 1477 608 1510 vero
646 1458 702 1511 in
748 1457 1109 1527 descriptione
1154 1461 1389 1528 quadam
1427 1462 1596 1514 altera
1637 1474 1851 1521 tantum

123 1557 212 1594 res
238 1553 357 1612 post
387 1543 613 1595 alteram
641 1541 867 1594 describi
887 1542 1069 1610 possit,
1096 1553 1148 1594 et
1178 1563 1274 1613 ego
1303 1543 1444 1596 hanc
1483 1548 1736 1601 ordinum
1762 1570 1849 1602 se-

119 1623 255 1676 riem
291 1645 567 1696 propono,
622 1626 676 1677 in
713 1645 818 1695 qua
853 1625 1188 1677 conficienda
1231 1640 1282 1680 et
1307 1631 1774 1700 metamorphosin
1801 1647 1852 1689 et

120 1706 607 1762 instrumentorum
636 1709 964 1761 cibariorum
1005 1710 1399 1779 evolutionem,
1468 1724 1590 1765 utra
1615 1733 1849 1785 praeva-

119 1792 227 1845 leat
249 1795 304 1845 in
331 1813 546 1863 quoque
570 1794 786 1856 ordine,
837 1792 1110 1844 consului:

198 1905 242 1956 I.
294 1905 635 1973 Hemiptera.
714 1906 780 1958 ΙΙ.
832 1903 1264 1973 Dictyotoptera.
1345 1908 1436 1959 III.
1479 1910 1846 1981 Neuroptera.

284 1990 383 2041 IV.
439 1989 686 2057 Diptera.
789 1988 861 2041 V.
910 1986 1294 2057 Lepidoptera.
1402 1992 1498 2045 VI.
1553 1996 1848 2065 Hymeno..

283 2083 454 2141 plera.
541 2073 664 2125 Vfl'.
711 2069 1061 2140 Orthoptera.
1146 2072 1295 2125 VIII.
1338 2075 1680 2147 Coleoptera.

285 2184 633 2254 Neuroptera
659 2186 875 2255 quidem
902 2192 1127 2251 propter
1159 2182 1266 2235 oris
1294 2194 1624 2241 structuram
1647 2190 1844 2260 Dipte-

111 2267 193 2319 ‘ris
228 2278 388 2336 atque
411 2269 787 2338 Lepidopteris
820 2267 1072 2336 anteponi
1110 2265 1400 2332 deberent,
1451 2272 1542 2322 sed
1573 2285 1688 2325 tum
1723 2277 1847 2328 affi-

120 2350 255 2401 nitas
296 2351 492 2419 partim
529 2355 1007 2422 Neuropterorum
1045 2367 1170 2402 cum
1197 2351 1654 2423 Dictyotopteris‚
1713 2377 1845 2428 par-

119 2435 216 2486 tim
250 2434 742 2503 Lepidopterorum
787 2454 912 2486 cum
947 2435 1376 2504 Hymenopteris
1429 2439 1638 2491 sublata
1680 2440 1843 2495 foret.

121 2516 456 2587 Orthoptera
481 2539 612 2570 vero
633 2531 860 2590 propter
881 2517 989 2568 oris
1015 2518 1384 2571 evolutionem
1409 2523 1709 2577 maximam
1733 2527 1843 2579 Co·-

115 2601 368 2672 leopteris
410 2605 655 2672 apposui.
1046 2669 1050 2673 .

289 2700 451 2768 Quod
487 2713 667 2754 autem
694 2698 956 2770 proposui
988 2709 1223 2769 systema
1257 2700 1597 2769 probaver0‚
1652 2703 1698 2756 si
1722 2705 1842 2760 affl-

119 2783 308 2835 nitates
346 2783 600 2836 ordinum
637 2783 1144 2854 appropinquorum
1192 2794 1353 2852 atque
1389 2785 1840 2842 dissimilitudines

117 2867 476 2918 remotiorum
501 2879 827 2933 monstrem3
890 2867 980 2918 sed
1011 2877 1068 2918 ut
1096 2867 1197 2918 rite
1233 2867 1328 2920 fiat
1358 2887 1445 2921 me
1470 2880 1644 2923 totum
1666 2883 1838 2942 syste-

117 2968 207 3002 ma
233 2970 401 3020 usque
427 2951 494 3003 ad
522 2951 754 3004 familias
793 2961 954 3021 atque
975 2969 1174 3020 genera
1197 2969 1474 3022 exponere
1498 2972 1634 3025 opus
1667 2965 1759 3008 est.

174 3228 486 3327 3531M2110g12.
513 3250 643 3292 apum
662 3234 864 3290 Angliae.
905 3234 1008 3277 Vol.
1032 3236 1084 3276 ΙΙ.
1125 3247 1225 3288 pag.
1252 3234 1331 3275 113
1355 3249 1476 3290 seqq.
1511 3235 1624 3276 Tab.
1652 3231 1719 3277 14.
1762 3235 1835 3290 fig.

287 3317 297 3326 .
387 3299 429 3329 Θί
448 3300 489 3331 O·

1481 3409 1485 3413 -
1526 3382 1562 3431 2
