2069 3697
220 230 355 275 nibus
380 230 605 274 botanicis
642 243 749 273 eum
767 226 1011 287 prosequi,
1054 226 1375 284 utilissimum,
1417 227 1816 287 necessariumque
1836 227 1965 273 duxi.

221 304 345 344 Tum
369 300 435 344 Cl.
457 303 669 343 NITZSCH
694 300 751 342 de
784 298 995 355 zoologia
1024 297 1074 340 in
1104 312 1268 354 genere
1300 305 1437 357 atque
1468 298 1845 353 helminthologia
1882 298 1970 341 do—

220 377 423 425 centem3
463 385 600 428 porro
631 370 724 413 Dil.
759 371 811 412 Ε.
837 371 886 410 F.
914 369 1118 409 GERMAR
1150 367 1206 409 de
1239 367 1455 423 mineris,
1499 369 1556 411 de
1581 376 1725 411 terrae
1746 374 1971 411 structura

219 446 357 499 atque
380 448 555 495 natura,
582 440 637 482 de
662 439 982 495 crystallorum
1002 436 1254 492 rationibus
1277 437 1597 492 disserentem3
1630 438 1815 481 tandem
1835 440 1970 479 Doct.

218 511 469 554 KAULFuss
502 509 699 552 familias
729 507 859 566 regni
878 505 1173 566 vegetabilis,
1203 514 1391 550 naturae
1425 507 1774 562 convenientes,
1813 506 1968 564 expli-

217 585 400 622 cantem
432 579 604 623 audivi.

380 649 514 704 Quod
539 649 699 691 attinet
721 648 778 691 ad
801 647 1080 692 medicinam
1100 662 1209 706 prae
1232 646 1445 692 omnibus
1473 647 1738 692 Peritissimi
1755 650 1804 690 P.
1827 648 1961 688 Kim-

214 731 461 760 RENBERGI
482 719 809 775 praelectiones
832 719 888 762 de
909 720 1172 777 pathologia
1192 733 1243 762 ac
1261 719 1468 776 therapia
1490 733 1596 762 cum
1618 717 1829 775 generali,
1859 724 1959 759 tum

213 787 424 843 speciali,
467 795 605 846 atque
627 788 974 833 exercitationes
1008 789 1198 833 clinicae
1220 789 1649 832 commemorandae
1670 794 1801 840 sunt,
1850 786 1959 845 qui-

214 852 299 899 bus
332 870 415 913 per
450 871 623 900 annum
656 865 700 900 et
731 858 974 901 dimidium
1005 857 1219 912 intersui3
1261 859 1450 915 insuper
1483 860 1639 915 Sagac.
1675 861 1873 900 Dzon
1903 856 1960 898 de

212 924 438 983 chirurgia
473 927 771 971 disserentem
803 928 959 972 audivi
991 936 1034 971 et
1077 928 1423 972 exercitationes
1457 927 1729 985 chirurgicas
1764 934 1808 969 et
1840 926 1961 983 oph-

212 993 557 1055 thalmologicas
580 1012 662 1053 per
687 1007 904 1042 semestre
933 999 1237 1058 frequentavi.
1303 1000 1407 1041 Non
1424 999 1576 1042 minus
1603 999 1668 1042 Cl.
1684 1000 1958 1040 NIEMEYERI

210 1062 269 1105 de
293 1073 386 1107 arte
407 1065 667 1110 obstetricia
688 1069 1018 1125 praelectiones
1042 1077 1178 1128 atque
1203 1068 1259 1111 de
1277 1067 1450 1111 morbis
1472 1068 1725 1122 infantum,
1747 1065 1960 1109 feminis-

213 1147 304 1191 (1¹16
327 1135 387 1182 fin
407 1144 541 1193 partu
574 1138 813 1182 assistendi
847 1139 1107 1183 occasiones
1121 1173 1134 1194 ,
1183 1153 1294 1198 quas
1325 1138 1586 1181 institutum
1605 1138 1797 1196 Regium
1820 1151 1959 1194 prae-

211 1201 314 1259 bet,
347 1214 575 1263 arreptae,
605 1209 876 1253 utilissimae
907 1209 1020 1252 mihi
1043 1206 1241 1252 fuerunt.
1309 1209 1489 1252 Deinde
1523 1210 1573 1254 C.
1599 1211 1844 1252 SPRENGEL
1879 1206 1958 1249 hi-

209 1274 397 1319 storiam
437 1277 670 1321 doctrinae
709 1279 917 1323 medicae
950 1279 1066 1322 mihi
1109 1294 1294 1339 (suoque
1333 1279 1550 1324 narravit.
1627 1278 1838 1321 Tandem
1869 1280 1952 1321 Dr.

210 1344 431 1388 BLAsmM
476 1348 532 1390 de
565 1349 716 1393 fasciis
749 1350 836 1392 rite
875 1350 1111 1408 alligendis
1159 1357 1294 1409 atque
1337 1348 1953 1407 operationes-chirurgicas,

207 1416 480 1473 commode,
526 1422 845 1480 eleganterque
879 1420 1099 1464 faciendis
1131 1422 1360 1479 legentem
1394 1428 1531 1480 atque
1562 1421 1952 1463 demonstrantem

210 1489 257 1526 et
285 1485 442 1529 audivi
469 1496 514 1530 et
544 1491 763 1546 spectavi.

374 1557 579 1613 Quorum
604 1560 812 1602 omnium
831 1559 909 1617 pio
931 1568 1150 1621 gratoque
1171 1577 1352 1620 semper
1379 1561 1608 1606 recordari
1641 1561 1821 1617 animo,
1862 1575 1949 1605 nec

207 1634 304 1664 non
340 1623 676 1684 indulgentiae,
740 1629 1099 1694 clementiaeque
1136 1632 1272 1677 toties
1313 1633 1430 1676 mihi
1469 1632 1633 1678 obv-iae
1673 1633 1865 1691 gratiam
1904 1638 1951 1676 et

208 1704 341 1749 agere
373 1700 419 1738 et
447 1694 615 1742 habere
644 1698 768 1743 haud
798 1700 1028 1745 desistam.
