2069 3697
806 106 1391 166 --——4()—-—--

412 267 660 322 Secunda
698 266 791 322 lex
830 267 995 320 haec:

327 351 455 406 Ubi
498 371 668 407 vera
708 351 1028 406 ordinum
1068 351 1412 420 affinium,
1456 354 1554 409 ibi
1596 372 1853 427 organa
1905 348 1973 411 61

493 437 780 490 interna
843 445 909 488 61
969 447 1263 490 externa
1326 451 1756 509 congruunt3
1856 439 2003 493 ubi*

494 539 659 574 vero
710 519 941 590 potius
991 520 1595 592 adpropinquatio
1652 523 1972 577 ordinum

494 613 724 656 exstat
747 640 765 665 ‚
848 602 948 655 ibi
998 614 1116 657 aut
1175 604 1257 655 ab
1324 607 1604 674 organis
1665 608 1972 660 externis

495 698 612 739 aut
653 685 732 738 ab
788 687 1099 739 internis
1151 687 1555 739 adducitur.

407 773 523 824 Iam
553 772 607 822 in
630 770 719 835 iis,
743 770 885 840 quod
917 771 1079 821 modo
1112 770 1253 832 dixi,
1278 771 1420 822 hanc
1441 774 1612 841 legem
1634 786 1747 824 esse
1770 773 1975 824 indica-

244 867 354 911 tam
381 874 527 906 reor.
613 856 761 907 Inter
786 855 1015 923 Diptera
1051 866 1212 924 atque
1235 855 1601 924 Lepidoptera
1638 868 1812 909 exstat
1843 875 1976 907 vera

244 937 608 1003 necessitudo⁷
659 936 1018 1007 quamobrem
1057 949 1107 989 et
1145 956 1350 1008 organa
1381 939 1594 991 interna
1617 941 1771 992 sicuti
1794 952 1978 992 exter-

242 1042 342 1088 na,
371 1043 417 1074 e.
438 1041 488 1092 g.
513 1022 873 1074 instrumenta
909 1022 1109 1073 cibaria
1135 1034 1296 1092 atque
1317 1021 1479 1074 tubus
1504 1023 1814 1076 intestinalis
1842 1042 1977 1075 con-

243 1118 463 1178 gruunt.
567 1104 721 1156 Idem
771 1105 1109 1176 Orthoptera
1152 1116 1312 1176 atque
1355 1107 1772 1177 Dictyotoptera
1813 1126 1978 1159 mon-

247 1202 446 1257 strant,
484 1209 613 1242 cum
643 1207 847 1259 organa
873 1201 925 1242 et
947 1191 1180 1254 interna,
1223 1209 1267 1241 6.
1294 1208 1343 1258 g.
1367 1189 1529 1243 tubus
1553 1190 1903 1254 intestinali3‚·
1925 1200 1978 1243 et

249 1286 490 1341 externa⁷
519 1293 564 1329 e.
588 1291 636 1342 g.
662 1274 770 1324 oris
800 1284 981 1343 partes
1002 1284 1164 1344 atque
1189 1275 1320 1337 3136,
1345 1274 1579 1326 similem
1605 1274 1807 1327 habent
1836 1286 1978 1327 stru-

247 1372 477 1413 cturam.
561 1359 649 1410 De
701 1357 1038 1428 Hemipteris
1085 1367 1247 1426 atque
1280 1359 1649 1428 Neuropteris'
1682 1358 1787 1409 1100
1823 1359 1978 1409 1111110

246 1443 411 1497 modo
447 1452 620 1512 potest
653 1442 933 1506 contendi?
975 1441 1156 1509 itaque
1191 1451 1241 1493 et
1276 1439 1508 1494 affinitas
1535 1460 1666 1492 vera
1691 1442 1981 1494 evanescit.

247 1527 397 1582 Idem
425 1527 489 1577 de
502 1525 932 1595 Hymenopteris
955 1526 1117 1588 valet,
1146 1542 1283 1594 quae
1304 1535 1530 1595 propter
1555 1526 1982 1591 similitudinem,

251 1631 320 1664 ex
353 1609 594 1681 partibus
623 1609 861 1660 externis
886 1609 1204 1679 repetitam,
1236 1608 1303 1658 ad
1336 1610 1687 1678 Neuroptera
1713 1610 1983 1679 quodam-

251 1695 414 1748 modo
464 1703 775 1757 transeunt3
825 1692 1009 1745 itidem
1067 1690 1119 1744 et
1166 1693 1586 1762 Hymenoptera
1629 1693 1986 1763 Coleopteris,

251 1779 387 1832 haec
426 1778 625 1831 iterum
665 1775 864 1847 partim
914 1775 1325 1846 Lepidopteris‚
1396 1776 1595 1846 partim
1633 1777 1982 1846 Orthopteris

251 1884 309 1918 se
346 1862 803 1935 adpropinquant.
886 1861 1089 1913 Notatu
1125 1869 1306 1911 autem
1342 1860 1475 1910 mihi
1513 1861 1732 1929 quidem
1767 1861 1984 1913 videtur

252 1949 654 2019 dignissimum,
681 1947 1028 2014 Neuroptera
1061 1962 1129 1995 ex
1158 1943 1553 2012 organisatione
1576 1945 1788 1996 interna
1816 1944 1982 2013 magis

251 2034 319 2085 ad
357 2033 588 2102 Diptera
624 2040 676 2082 61
708 2029 1103 2098 Lepidoptera7
1166 2039 1393 2079 externa
1430 2046 1562 2080 vero
1602 2028 1666 2078 ad
1695 2029 1986 2101 Dictyoto-

249 2129 405 2190 ptera
427 2127 477 2168 et
499 2113 834 2182 Orthoptera
855 2111 1110 2174 transire3
1154 2122 1205 2162 et
1242 2111 1430 2162 eadem
1455 2112 1664 2162 ratione
1693 2113 1988 2181 Hymeno-

251 2213 407 2274 ptera
444 2197 709 2270 quaedam
737 2195 977 2264 Dipteris
1000 2207 1050 2246 et
1076 2194 1456 2264 Lepidopteris
1488 2205 1713 2264 propter
1736 2195 1987 2246 similitu-

253 2286 434 2337 dinem
459 2282 699 2352 partium
731 2290 1085 2331 externarum
1104 2317 1116 2341 ,
1162 2278 1584 2348 Dictyotopteris
1612 2289 1663 2329 61
1686 2278 1990 2347 Orthopte-

251 2370 326 2422 ris
358 2367 426 2418 ob
461 2365 577 2419 tubi
615 2363 931 2416 intestinalis
966 2361 1286 2429 affinitatem
1326 2373 1549 2429 cognata
1577 2381 1706 2413 esse.
1790 2361 1991 2414 Hemi-

251 2463 410 2525 ptera
452 2469 586 2504 vero
629 2447 786 2500 sicuti
828 2458 879 2499 et
904 2446 1229 2516 Coleoptera
1272 2445 1560 2515 proprium
1590 2445 1864 2516 quendam
1903 2446 1991 2497 lo-

257 2555 386 2589 cum
429 2534 686 2586 obtinent.

420 2618 522 2671 Sed
549 2618 656 2669 iam
680 2625 775 2680 531,
797 2616 938 2681 53115,
967 2631 1258 2684 superque.
1301 2611 1472 2666 Volui
1494 2610 1616 2676 tibi,
1651 2613 1718 2665 L.
1741 2613 1800 2664 B.
1819 2651 1833 2677 ‚
1866 2623 1990 2666 ante

253 2703 441 2756 oculos
463 2719 675 2772 ponere
698 2699 898 2769 gradus
937 2698 1295 2750 similitudinis
1319 2706 1478 2766 atque
1501 2697 1816 2761 relationes,
1858 2716 1992 2766 quas

251 2789 309 2840 111
354 2795 645 2857 systemate
681 2785 1020 2836 Insectorum
1079 2779 1315 2833 naturali
1355 2779 1620 2849 depositas
1664 2780 1993 2846 invenimus,

257 2882 310 2924 et
348 2888 582 2941 quarum
610 2865 968 2938 perscrutatio
1012 2884 1098 2915 me
1126 2861 1416 2933 hucusque
1451 2864 1753 2933 occupavit.
1833 2865 1995 2917 Faxit

254 2956 326 3007 D.
354 2954 423 3006 O.
448 2953 556 3016 M„
593 2961 677 3013 ut,
723 2949 867 3018 quod
904 2948 1039 2999 mihi
1062 2948 1241 2998 adhuc
1276 2965 1593 2998 concessum
1631 2948 1695 2999 sit
1728 2946 1897 3009 vitae,
1940 2948 1996 3000 id

253 3055 424 3108 porro
465 3036 531 3085 ad
555 3032 996 3104 amplificandam
1034 3050 1216 3082 meam
1257 3048 1318 3080 ac
1355 3029 1751 3081 stabilitandam
1786 3031 1997 3100 impen-

253 3123 383 3172 dere
407 3137 620 3188 possem
648 3117 980 3180 doctrinam3
1027 3115 1220 3166 desunt
1255 3132 1432 3182 neque
1463 3115 1781 3177 consilium,
1821 3134 1997 3184 neque

254 3205 466 3254 animus
485 3240 499 3267 ‚
534 3202 624 3252 sed
654 3200 1019 3251 conditionem
1048 3197 1321 3267 quandam
1365 3197 1655 3265 benignam
1695 3209 1855 3265 atque.
1879 3217 2001 3250 ma-

253 3288 330 3357 gis
358 3294 726 3358 opportunam
749 3281 928 3334 adhuc
957 3282 1222 3333 desidem.
1305 3280 1474 3345 Vale,
1514 3279 1774 3350 favequel
