2069 3697
655 151 1190 206 *μς-...ψ

223 314 409 379 Itaque
433 310 564 362 duas
589 308 839 362 constitui
862 310 1055 361 classes
1073 347 1087 372 ‚
1129 310 1338 365 Insecta
1364 322 1524 381 atque
1548 315 1800 367 Malaoo..

58 405 258 458 stram,
313 412 452 465 quae
474 393 576 444 hac
617 393 829 445 ratione
852 392 1081 446 describi
1116 404 1276 465 atque
1302 395 1443 447 inter
1479 415 1535 448 se
1569 397 1797 468 disjungi

58 487 302 549 possunt.

220 585 526 640 Insectis
572 604 697 637 eum
743 579 1146 652 SAVIGNIO’m)
1223 579 1562 651 OKENIO,¹3)
1630 602 1793 662 atque

53 661 473 724 N1Tzscfl10¹4>
519 670 682 740 pedes
726 680 936 722 tantum
977 690 1103 737 sex,
1145 683 1410 725 antennas
1454 675 1587 726 duas
1630 687 1794 746 atque

52 754 401 808 trachearum
445 752 858 824 respirationem
903 755 1136 807 vindico.

211 863 754 918 Malacostracis
794 883 928 915 vero
971 865 1133 933 pedes
1168 866 1354 935 plures
1389 868 1560 933 senis,
1618 880 1794 922 meta-

49 948 369 1018 morphosin
431 948 639 998 nullam
687 957 849 1016 atque
910 950 1327 1017 respirationem
1397 954 1559 1003 modo
1622 952 1794 1006 bran-

49 1033 296 1084 chiarum
313 1071 326 1095 ‚
379 1031 542 1082 modo
565 1029 937 1086 trachearum.
983 1032 1148 1083 modo
1172 1035 1501 1102 pulmonum
1525 1055 1628 1107 ope
1657 1057 1794 1090 con-

46 1115 247 1168 fectam
270 1114 520 1168 attribuo.
608 1113 844 1166 Ordines
867 1113 1093 1184 hujusce
1118 1117 1298 1169 classis
1320 1118 1378 1170 hi
1404 1130 1554 1171 sunt:

131 1225 172 1279 Ι.
213 1223 713 1279 Arachnoid'es.
778 1224 947 1277 Pedes
970 1227 1059 1277 vel
1089 1237 1210 1278 octo
1239 1228 1329 1279 vel
1357 1228 1572 1296 decem,
1614 1233 1791 1302 respi-

213 1311 350 1362 ratio
378 1309 541 1362 modo
562 1306 878 1374 trachealis‚
923 1311 1087 1360 modo
1116 1311 1462 1380 pulmonalis.

125 1418 196 1476 II.
237 1422 301 1474 M
317 1420 471 1492 yria
489 1438 522 1489 p
541 1439 571 1470 o
586 1420 616 1470 d
631 1440 710 1472 es.
806 1420 977 1472 Pedes
1016 1422 1204 1491 plures
1246 1423 1395 1475 denis
1421 1462 1436 1489 ,
1500 1425 1786 1496 respiratio

204 1504 509 1558 trachealis.

129 1620 222 1673 ΙΙΙ.
268 1618 311 1669 C
324 1636 351 1668 r
367 1636 400 1666 u
415 1635 437 1666 s
452 1626 513 1667 ta
531 1634 558 1666 c
572 1633 600 1665 e
615 1633 664 1666 a.
748 1615 921 1669 Pedes
946 1615 1135 1668 decem
1175 1617 1265 1670 vel
1285 1618 1500 1688 plures,
1544 1591 1797 1693 respira?

210 1703 282 1753 tio
320 1698 666 1752 branchialis.

253 1812 511 1880 Quorum
546 1809 795 1861 omnium
826 1820 879 1862 et
907 1809 1339 1864 distributionem
1384 1824 1435 1866 et
1469 1814 1788 1885 descriptio-

45 1914 201 1960 nem,
264 1906 324 1947 ut
357 1914 390 1945 a
433 1894 813 1946 dissertationis
856 1913 1010 1945 meae
1047 1895 1268 1946 consilio
1313 1908 1364 1949 et
1386 1898 1497 1949 fine
1532 1901 1786 1965 alienam,

43 1977 134 2030 hic
190 1978 387 2032 evitavi
439 1989 601 2048 atque
636 1978 856 2030 Insectis
910 1979 1036 2031 solis
1087 1978 1443 2049 disquirendis
1486 1995 1784 2055 occupatus

39 2081 180 2116 sumo

102 2305 179 2358 12)
211 2305 446 2345 Memoires
474 2318 546 2343 sur
569 2303 633 2345 les
658 2302 862 2343 animaux
885 2318 983 2344 sans
1010 2304 1247 2346 verte-hies.
1289 2307 1409 2348 Paris
1434 2307 1531 2349 816.
1563 2310 1604 2351 8.
1647 2313 1776 2355 Tom.

160 2366 198 2402 l.
238 2378 336 2417 pag.
361 2362 428 2400 10.

101 2431 179 2485 13)
211 2430 596 2484 Naturgeschiohte
618 2429 689 2469 fiir
714 2429 931 2479 Schutenl,
963 2445 1063 2484 pag.
1088 2429 1169 2471 573
1195 2447 1236 2470 u.
1261 2429 1342 2472 577
1376 2446 1498 2488 seqq.

101 2502 175 2556 14)
207 2504 255 2542 In
276 2500 645 2556 praelectionibus
671 2499 726 2542 de
750 2500 978 2553 Zoologia.
