2069 3697
666 182 823 191 -·--
916 153 989 207 13
1080 182 1240 189 ——-

98 317 336 367 lamenta
358 311 652 365 tenerrima
678 312 948 369 oriuntur,
985 310 1334 363 aemulantur
1360 308 1618 362 formam.
1673 310 1834 362 Post-

100 417 262 467 quam
301 415 431 446 vero
458 408 540 448 ter
568 395 656 446 vel
680 405 868 462 quater
897 404 1072 445 cutem
1103 395 1278 458 exuit,
1315 413 1466 464 pupa
1496 405 1574 446 est
1611 413 1830 457 cornea,

97 479 417 540 immobilis,
462 497 601 547 quae
639 497 738 528 nec
761 477 907 528 cibos
941 477 1138 537 haurit,
1181 497 1282 528 nec
1324 489 1672 529 excrementa
1707 477 1831 540 edit,

99 584 193 616 ore
240 581 452 632 auoque
504 563 715 625 clauso,
788 561 879 611 sed
916 561 1262 612 trachearum
1300 572 1510 613 tantum
1547 560 1832 612 functione

96 650 282 700 utitur.
366 648 553 714 Pupae
593 644 773 695 forma
809 645 976 696 ovalis
1011 645 1175 696 modo
1209 644 1427 714 imagini
1464 644 1834 708 dissimillima,

96 743 157 783 ut
193 732 247 782 in
274 729 538 799 Dipteris,
595 730 756 779 modo
780 739 955 791 artus⁷
992 729 1143 779 lineis
1168 728 1638 798 circumscriptos,
1686 737 1747 780 ut
1773 728 1832 779 in

95 815 474 884 Lepidopteris
511 813 779 874 indicans,
836 813 1000 862 modo
1037 813 1251 881 organis
1285 814 1395 882 jam
1429 813 1642 878 liberis,
1704 830 1832 864 cor-

93 899 218 969 pori
249 916 382 948 vero
421 896 578 950 valde
613 895 877 964 appressis
903 934 916 958 ‚
983 897 1495 966 Neuropterorum,
1534 898 1832 967 Hymeno-

93 994 382 1053 pterorum
436 991 597 1049 atque
631 980 1084 1047 Coleopterorum
1133 998 1306 1031 more.
1387 983 1447 1033 In
1506 981 1612 1032 hoc
1668 982 1832 1052 igitur

93 1063 414 1118 evolationis
440 1082 638 1133 genere
663 1061 888 1114 mutatio
917 1061 1281 1127 manifestior,
1327 1065 1686 1132 quamobrem
1713 1086 1835 1117 me·-

94 1148 508 1218 tamorphoseos
545 1166 709 1199 verae
760 1146 806 1197 ei
841 1146 1154 1198 attribuitur
1204 1166 1437 1213 nomen3
1491 1149 1643 1217 prius
1694 1150 1831 1201 illud

92 1232 404 1284 mutationis
442 1250 612 1300 genus
646 1230 1103 1301 metamorphosis
1138 1230 1466 1303 incompleta
1502 1232 1617 1286 sive
1641 1233 1830 1304 spuria

90 1316 420 1369 nominatur.
432 1318 483 1381 *)

871 1482 918 1550 ς.
972 1483 1069 1534 ix.

257 1612 461 1678 Itaque,
503 1607 544 1660 si
574 1604 908 1658 differentias
934 1606 1277 1676 gravissimas
1300 1609 1352 1662 in
1378 1612 1719 1666 Insectorum
1743 1632 1828 1666 re-

96 1696 276 1763 quiras
305 1695 500 1755 classe,
535 1690 638 1743 tria
662 1710 777 1742 sese
805 1690 1051 1743 offerunt
1077 1705 1370 1760 momenta,
1410 1697 1604 1765 quibus
1631 1697 1827 1751 discre-

91 1790 252 1849 pant:
303 1778 437 1840 oris,
490 1776 815 1844 alarumque
836 1786 1111 1826 structura
1137 1787 1296 1846 atque
1321 1781 1827 1852 metamorphoseos

91 1864 251 1915 ratic.
332 1864 421 1914 Ex
454 1859 535 1910 his
570 1859 731 1928 igitur
779 1858 1181 1911 characteribus
1221 1862 1434 1915 ordines
1475 1885 1587 1917 esse
1621 1885 1826 1936 repen-

90 1947 281 2000 tendos
308 1945 534 2014 quisque
557 1942 717 1993 facile
743 1942 1002 2011 intelligit.
1073 1945 1359 1997 Structura
1387 1949 1492 1999 oris
1517 1960 1679 2019 atque
1704 1969 1826 2002 me·-

87 2028 502 2099 tamorphoseos
533 2027 666 2079 ratio
703 2026 941 2096 ejusdem
977 2029 1239 2081 momenti
1265 2049 1378 2082 esse
1403 2033 1684 2100 videntur,
1735 2035 1826 2088 in-

88 2114 304 2166 ferioris
341 2130 473 2164 vero
496 2112 708 2161 alarum
734 2109 946 2174 forma,
1003 2112 1147 2180 quod
1183 2114 1290 2182 jam
1319 2116 1596 2184 plurimae
1631 2119 1826 2172 unius-

90 2216 309 2268 cunque
343 2194 547 2247 ordinis
580 2193 735 2245 nobis
770 2194 1010 2246 indicant
1046 2197 1358 2266 varietates;
1413 2201 1577 2270 igitur
1610 2213 1661 2255 et
1690 2222 1826 2273 par-

89 2283 203 2334 cius
238 2279 574 2332 adhibendae
612 2288 738 2330 sunt
777 2279 835 2329 in
866 2280 1102 2331 naturali
1138 2283 1475 2336 Insectorum
1512 2296 1825 2356 systemata

86 2369 295 2420 Errant
329 2364 451 2415 inde
483 2373 534 2414 et
571 2363 888 2414 LtNNAEus
935 2374 1097 2432 atque
1130 2365 1529 2433 LATREILLE,
1574 2370 1665 2439 qui
1700 2384 1825 2425 tan-

87 2462 208 2503 tum
238 2449 365 2512 alis,
428 2457 479 2499 et
511 2447 845 2508 FABRICIUS
893 2447 982 2516 qui
1018 2448 1123 2500 oris
1168 2450 1514 2503 solummodo
1546 2464 1823 2508 structura

91 2543 273 2600 curat3
309 2530 763 2600 metamorphosis
790 2550 924 2582 vero
958 2533 1206 2585 omnium
1231 2536 1560 2589 certissimus
1590 2536 1821 2592 charac-

87 2630 192 2680 ter,
233 2635 410 2685 neque
433 2633 680 2684 unquam
709 2614 763 2665 in
788 2614 977 2666 ordine
1005 2617 1241 2685 quodam
1268 2618 1680 2674 observavimus
1705 2625 1819 2693 ejus

85 2700 434 2761 varietatem,
471 2699 702 2768 ideoque
734 2698 895 2749 credo
938 2718 1060 2753 eam
1094 2719 1228 2771 prae
1262 2704 1450 2756 ceteris
1478 2724 1578 2776 pro
1599 2725 1823 2761 summo·

83 2786 395 2838 habendam
439 2803 551 2836 esse
587 2782 917 2836 charactere.

139 3027 192 3082 *)
230 3028 479 3068 Fsfflmcms
503 3029 579 3069 has
604 3029 807 3070 notiones
831 3032 1127 3071 commutavit.
1188 3030 1254 3075 Cf.
1294 3035 1383 3088 ejus
1407 3035 1567 3090 philos.
1594 3044 1756 3078 entom.
