2069 3697
666 197 1244 252 mmmm.

93 363 145 405 et
180 352 510 424 Thysanura
532 352 725 404 LATR.
760 354 1003 422 apposui.
1083 356 1152 406 Et
1176 343 1657 406 TREvaanffl)
1698 350 1822 421 qui-

95 437 217 487 dem
244 433 546 496 contendit,
600 454 657 486 se
680 437 857 487 nullas
890 437 944 488 in
970 439 1280 506 Lepismate
1315 436 1634 488 saccharino
1661 435 1820 487 inve-

93 521 233 570 nisse
268 517 544 581 tracheas,
596 519 689 569 sed
725 530 776 571 et
801 520 941 571 aliud
978 521 1349 590 respirationis
1384 538 1650 588 organum
1673 516 1820 569 haud

96 601 350 663 ostendit,
423 601 652 670 ideoque
699 604 1208 672 impraesentiarum
1256 603 1678 673 Dictyotopteris
1721 601 1822 651 ad-

94 704 360 748 numero,
425 684 749 753 quibuscum
782 697 835 738 et
884 687 1026 739 vitae
1058 688 1267 739 ratione
1311 697 1360 738 et
1394 687 1501 737 oris
1544 695 1821 737 structura

96 768 382 820 coniuncta
406 779 546 820 sunt.
606 771 748 822 Cum
768 770 1108 840 Thysanuris
1136 770 1503 840 Ephemerina
1527 769 1824 821 arctissime

98 852 416 914 cohaerent,
458 852 600 920 quod
623 855 904 906 larvarum
933 865 1124 918 status,
1165 873 1399 923 quarum
1425 853 1603 904 forma
1629 851 1826 921 Lepis-

97 937 228 989 mati
265 935 612 1000 saccharino,
665 936 707 988 si
747 936 1031 988 branchias
1065 939 1266 1006 excipis
1298 938 1351 988 in
1375 937 1546 988 latere
1578 934 1826 1006 corporis

97 1020 237 1084 sitas,
281 1019 572 1079 simillima,
613 1030 774 1088 atque
794 1021 1088 1088 imaginun]
1113 1034 1255 1072 setae
1280 1021 1529 1072 candales
1552 1032 1604 1072 et
1627 1030 1828 1072 testan-

100 1113 218 1167 tur‚
290 1113 341 1153 et
378 1103 663 1154 transitum
701 1102 849 1154 hunc
886 1103 1308 1173 probabiliorem
1344 1103 1521 1154 adhuc
1573 1103 1826 1155 reddunt.

102 1186 402 1239 Termitina
429 1186 643 1237 tandem
673 1205 703 1237 a
730 1188 1154 1257 Dictyotopteris
1181 1190 1245 1238 ad
1271 1190 1620 1255 Neuroptera
1654 1198 1828 1238 trans·

102 1271 335 1336 ducunt,
378 1270 520 1338 quod
549 1281 815 1322 antennae
839 1271 1312 1324 multi-articulatae
1355 1281 1518 1340 atque
1549 1281 1660 1324 tota
1701 1287 1827 1320 cor-

100 1356 247 1425 poris
271 1365 545 1405 structura
569 1354 820 1422 probant.

269 1437 607 1505 Organisatio
655 1438 870 1489 interna
902 1437 1305 1507 quodammodo
1351 1437 1543 1489 variat.
1628 1436 1834 1490 Malio-

101 1522 308 1592 phaga,
351 1521 682 1589 Thysanura
714 1531 877 1590 atque
919 1521 1147 1572 Psocina
1181 1520 1459 1572 stomacho
1495 1520 1683 1581 unico,
1737 1538 1834 1572 va-

105 1606 281 1674 sisque
302 1604 523 1656 biliferis
545 1605 754 1656 duobus
780 1606 867 1657 vel
892 1616 1124 1674 quatuor
1150 1605 1216 1655 ad
1249 1605 1570 1674 Hemiptera
1587 1642 1601 1668 ‚
1641 1604 1833 1673 Ephe-

107 1691 316 1740 merina
340 1700 499 1757 atque
522 1689 850 1750 Libellulina
876 1689 1016 1740 vasis
1041 1688 1266 1740 biliferis
1290 1688 1594 1739 numerosis
1621 1688 1685 1739 ad
1716 1687 1832 1739 Or-

103 1774 355 1843 thoptera
393 1783 689 1824 transeunt.
805 1772 1077 1841 Ingluvies
1115 1772 1595 1842 Maliophagorum
1635 1780 1837 1835 monet,

107 1868 168 1908 ut
199 1857 263 1907 ad
294 1856 628 1924 Orthoptera
661 1854 990 1908 referantur.
1032 1883 1112 1893 —
1170 1856 1439 1908 Genitalia
1466 1854 1628 1907 modo
1663 1854 1840 1925 parti-

105 1951 188 2005 ta,
232 1941 444 2009 digitata
473 1939 848 2009 Mallophaga,
893 1941 1149 2005 Psocina3
1192 1940 1355 1991 modo
1381 1938 1672 2009 simplicia,
1714 1957 1839 1991 sac-

110 2024 360 2075 ciformia
386 2023 783 2092 Ephmnerina,
823 2023 1154 2076 Libellulina
1186 2024 1490 2093 possident3
1533 2023 1714 2074 bullae
1736 2039 1839 2092 ap-

108 2108 414 2178 pendicales
440 2107 651 2176 saepius
677 2107 858 2158 deesse
882 2108 1164 2171 videntur,
1207 2108 1261 2158 in
1288 2108 1445 2160 Psoci
1473 2118 1520 2159 ta
1535 2118 1681 2158 utum
1707 2105 1837 2176 pul-

111 2192 293 2244 satorii
324 2190 525 2242 femina
564 2191 935 2242 NITZSCHIUS
970 2192 1339 2260 prodigiosum
1373 2190 1683 2242 observavit
1735 2207 1837 2259 ap-

108 2276 393 2347 pendicem
417 2273 834 2343 globuliferum‚
889 2285 939 2326 et
973 2275 1029 2325 in
1052 2274 1413 2345 Mallophagis
1433 2276 1724 2345 analogum
1753 2273 1841 2325 in-

110 2359 288 2414 veniri
315 2377 580 2427 organum
610 2357 753 2410 idem
790 2356 1033 2410 affirmat
1057 2350 1308 2411 autel-,w

170 2602 250 2656 38)
279 2603 555 2644 Vermischte
579 2602 812 2644 Schriften.
861 2601 943 2643 Bd.
967 2603 1020 2642 ΙΙ.
1074 2618 1120 2659 p.
1149 2599 1216 2642 16.

172 2673 251 2729 39)
284 2674 521 2716 GERMAR’S
543 2675 753 2728 Magazin
775 2673 852 2716 der
871 2673 1093 2715 Entomol.
1134 2673 1238 2715 Vol.
1264 2671 1341 2716 IV.
1373 2688 1472 2727 pag.
1495 2674 1591 2716 281.
