2069 3697
595 191 1169 247 ...w-33*-

191 347 525 416 Orthoptera
550 346 800 400 ordinem
829 351 1069 401 maxime
1101 350 1404 404 naturalem
1427 362 1479 404 et
1500 371 1532 404 a
1561 355 1752 408 ceteris

26 443 301 483 remotum
323 430 599 495 referunt3
623 442 896 484 structura
922 452 1032 484 non
1055 434 1236 486 solum
1262 446 1488 487 externa
1513 439 1754 490 maxime

29 514 293 583 congruit,
333 513 425 564 sed
451 524 501 565 et
517 532 852 581 organorum
878 517 1238 581 internorum,
1281 519 1530 588 vitaeque
1552 522 1710 573 ratio·

194 595 355 665 Quod
380 597 447 647 ad
482 607 762 648 externam
794 599 981 651 attinet
1000 600 1403 654 similitudinem
1428 621 1644 672 semper
1667 603 1755 656 in-

28 690 329 733 strumenta
364 680 564 731 cibaria
595 680 796 743 libera,
859 682 1205 752 maximeque
1240 685 1460 737 evoluta
1495 686 1757 739 observa-

27 781 176 829 mus3
214 763 533 833 praesertim
561 764 816 816 maxillae
834 776 993 834 atque
1015 766 1220 818 labium
1244 767 1470 820 inferius
1498 788 1625 821 cum
1649 771 1758 822 lin-

30 865 135 915 gua
175 848 316 898 inter
351 866 539 898 omnes
576 848 791 899 ordines
841 850 1138 900 maximam
1193 852 1561 906 evolutionem
1594 864 1757 923 atque

28 930 423 1000 perfectionem
460 941 782 983 monstrant.
828 957 905 967 —-
961 933 1150 984 Solum
1187 933 1282 985 Th
1299 934 1526 1003 ripum
1569 955 1757 1006 genus,

30 1015 172 1082 quod
198 1016 513 1065 LINNAEUS
548 1014 745 1082 aliique
776 1013 843 1063 ad
871 1015 1194 1084 Hemiptera
1228 1031 1558 1086 posuerunt,
1606 1040 1756 1072 nunc

30 1115 191 1160 vere,
235 1097 574 1147 STRAUSSIO
616 1088 1041 1160 observantestfi)
1086 1100 1321 1151 maxillis
1347 1112 1507 1170 atque
1539 1104 1759 1155 mandi-

29 1179 170 1231 bulis
190 1179 372 1230 liberis
395 1181 748 1245 instructum,
789 1180 1137 1249 Orthopteris
1160 1185 1413 1234 associari
1436 1185 1617 1251 debet,
1658 1185 1756 1238 has

35 1274 218 1333 partes
246 1261 408 1315 habet
429 1263 711 1326 obsoletas,
733 1282 837 1314 nec
864 1264 1029 1333 plane
1056 1267 1317 1318 evolutas.
1363 1269 1505 1319 Cum
1526 1269 1631 1320 hoc
1655 1270 1758 1339 igi-

34 1357 125 1399 tur
153 1365 351 1415 genere
379 1345 625 1397 ordinem
650 1347 868 1415 incipio,
950 1350 1237 1400 Transitus
1274 1350 1466 1401 dehinc
1499 1352 1566 1403 ad
1611 1365 1757 1406 cete-

31 1450 119 1483 ras
141 1430 371 1480 familias
403 1429 715 1494 obscurior3
754 1427 1242 1484 Forficularia
1283 1434 1461 1485 solum
1493 1435 1558 1486 ad
1586 1437 1758 1488 Thri-

32 1532 127 1585 pes
150 1514 403 1582 proprius
428 1513 688 1563 accedere
708 1513 993 1574 videntur,
1044 1514 1134 1565 sed
1160 1515 1285 1583 quia
1318 1517 1373 1567 in
1409 1519 1578 1569 altera
1602 1531 1759 1588 parte

34 1598 98 1648 ad
126 1597 449 1666 Coleoptera
477 1596 678 1664 optime
698 1596 1086 1661 transducunt⁷
1142 1617 1390 1649 summus
1414 1601 1472 1652 iis
1500 1601 1762 1654 vindicari

35 1680 192 1732 debet
215 1682 382 1731 locus.
467 1680 561 1732 Nil
589 1680 751 1748 igitur
775 1690 967 1743 restat,
1017 1699 1184 1749 quam
1220 1693 1275 1734 ut
1308 1682 1361 1734 A
1381 1685 1760 1737 cridioides

35 1764 101 1815 ad
124 1764 358 1831 Thripes
382 1781 648 1832 ponerem
685 1774 848 1833 atque
874 1763 1205 1832 Grylloid
1223 1784 1288 1816 es
1332 1777 1383 1817 et
1416 1769 1760 1821 Locusta-

34 1848 135 1900 ria
168 1848 363 1899 LATR.
405 1847 557 1916 sequi
592 1846 871 1910 iuberem,
924 1865 955 1896 a
988 1847 1181 1916 quibus
1209 1850 1601 1903 Mantoides
1638 1863 1760 1905 tum

36 1926 336 2000 (Mantides
369 1940 530 1998 atque
553 1931 778 1999 Spectra
800 1931 993 1981 LATR.
1031 1932 1363 1998 consociata)
1386 1934 1452 1984 ad
1491 1935 1762 1988 Blatta-

35 2016 138 2066 ria
154 2053 168 2078 ,
208 2033 486 2083 porroque
521 2014 587 2063 ad
609 2015 654 2065 F
672 2033 744 2064 or
759 2014 811 2063 fi
830 2032 857 2063 c
873 2015 985 2064 ula
1002 2033 1030 2063 r
1046 2015 1060 2064 i
1076 2033 1107 2064 a
1147 2016 1521 2069 transducunt.
1604 2017 1762 2071 Arti-

36 2098 160 2148 cula
181 2108 454 2150 tarsorum
484 2097 538 2146 in
565 2097 669 2147 hoc
693 2097 911 2165 quidem
940 2097 1129 2148 ordine
1155 2098 1289 2149 nihil
1319 2100 1521 2160 valere,
1552 2100 1761 2154 Blatta-

34 2181 247 2233 riorum
271 2180 575 2231 observatio
598 2199 686 2231 me
714 2180 909 2243 docuit,
953 2199 1090 2248 quae
1112 2181 1273 2232 modo
1299 2182 1354 2233 in
1379 2183 1605 2252 pedibus
1631 2185 1761 2236 duo-

34 2263 137 2316 bus
162 2263 550 2334 posterioribus
575 2274 808 2331 quatuor
837 2274 1046 2318 tantum
1066 2301 1082 2326 ‚
1124 2266 1286 2315 modo
1313 2267 1367 2316 in
1395 2285 1503 2316 uno
1530 2279 1761 2336 quatuor

34 2349 91 2400 in
118 2350 288 2399 altero
320 2347 556 2416 quinque
573 2347 775 2399 habent
797 2347 1040 2410 articula,
1079 2348 1220 2416 quod
1243 2348 1583 2402 individuum
1609 2352 1765 2403 Blat-

36 2442 122 2484 tae
143 2432 446 2500 giganteae,
496 2431 551 2481 in
577 2449 764 2481 museo
788 2430 957 2498 Regio
984 2429 1315 2482 Academico
1342 2433 1570 2485 Halensi
1589 2453 1764 2486 asser-

34 2525 243 2578 vatum,
284 2515 545 2583 nulloque
564 2514 727 2564 modo
751 2514 1090 2576 mutilatum,
1129 2514 1341 2584 probat.
1422 2517 1495 2569 Et
1519 2516 1576 2570 in
1598 2516 1766 2571 Acri-

37 2598 301 2650 dioidibus
326 2598 524 2649 similes
547 2607 846 2649 occurrunt
871 2596 1175 2649 varietates.

196 2683 421 2733 Praeter
451 2682 558 2732 oris
582 2691 761 2751 partes
785 2681 942 2731 etiam
969 2681 1200 2745 alarum,
1242 2692 1633 2750 antennarum,
1675 2702 1769 2754 pe-

38 2764 279 2834 dumque
306 2766 669 2833 posteriorum
708 2775 981 2815 structura
1009 2763 1345 2834 Orthoptera
1373 2766 1513 2818 inter
1541 2786 1598 2818 se
1636 2786 1770 2818 con-

37 2849 210 2916 iungit
237 2859 287 2900 et
310 2866 340 2897 a
369 2847 817 2917 praecedentibus
849 2847 1127 2898 ordinibus
1150 2849 1393 2917 seiungit.
1457 2849 1599 2901 Alae
1623 2870 1769 2903 sem-

37 2948 136 3000 per
162 2941 409 3001 quatuor‚
432 2933 610 2983 rarius
635 2932 834 2992 nullae,
861 2931 1017 2981 costis
1040 2930 1332 2983 reticulatis
1363 2934 1771 3001 expanduntur,

39 3015 337 3066 anteriores
369 3015 675 3077 coriaceae‚
718 3014 1045 3083 posteriores
1076 3014 1557 3080 membranaceae,
1591 3017 1771 3086 longi--

36 3098 346 3149 tudinaliter
368 3100 614 3167 plicatae.
671 3097 1036 3149 Forficularia
1063 3098 1240 3149 solum
1269 3099 1519 3152 radiatim
1544 3100 1770 3151 emissas

35 3180 241 3234 habent
284 3172 454 3233 costas
493 3202 521 3232 e
552 3193 731 3233 costae
767 3179 1080 3249 marginalis
1119 3181 1327 3247 medio,
1402 3193 1560 3251 atque
1607 3182 1769 3235 simili

92 3308 173 3364 45)
205 3311 271 3353 Cf,
298 3311 603 3353 LA'rnmLLE's
636 3311 881 3352 natiirliche
913 3311 1127 3350 Familien
1167 3309 1242 3351 des
1275 3303 1581 3363 Tlfierreichs‚
1632 3312 1769 3353 'uber-

142 3377 254 3408 setzt
282 3383 370 3409 von
400 3369 668 3410 Bssnzrnom.
728 3369 896 3412 Weim.
926 3367 1024 3408 827.
1068 3366 1131 3407 S.-
1159 3381 1260 3423 pag.
1291 3365 1390 3408 412.
1454 3429 1488 3481 3
