2069 3697
659 217 816 233 ---,-
903 180 1234 239 29·—

97 361 221 395 rum
256 358 480 408 genera,
551 359 596 393 e.
626 358 674 409 g.
703 339 1065 410 Mystacides,
1125 338 1485 392 Sericostoma
1525 335 1820 387 arctissime

101 446 223 476 cum
251 424 550 475 'l‘inei'tibus
590 437 749 492 atque
775 424 1139 476 Crambitlbus
1174 424 1494 479 cohaerent,
1547 439 1710 489 quam
1747 420 1822 470 si-

99 508 455 559 militudinem
502 518 553 559 et
594 511 700 558 oris
742 510 981 577 partium
1026 519 1297 559 structura
1338 507 1598 556 maiorem
1645 501 1820 553 adhuc

96 592 287 643 reddit.
695 653 721 669 μ

222 676 536 725 Larvarum
580 684 629 725 et
667 672 850 725 forma
886 685 938 725 et
975 675 1115 726 vitae
1149 673 1286 724 ratio
1327 674 1653 741 plerumque
1691 688 1824 720 con-

102 758 264 827 gruit,
304 775 518 825 semper
542 768 703 825 caput
738 757 940 808 habent
966 758 1269 809 distinctum
1295 768 1455 824 atque
1479 772 1679 823 organa
1704 772 1826 804 ma-

104 841 391 893 sticationis
426 840 628 903 libera,
672 842 831 909 pedes
858 842 921 891 ad
959 843 1246 892 minimum
1273 852 1392 891 octo
1429 841 1648 898 adsunt,
1706 855 1825 889 sae-

104 929 225 996 pius
248 926 461 994 plures,
514 943 792 992 nunquam
837 944 968 976 vero
1001 925 1207 976 sedenis
1232 925 1444 994 plures;
1493 941 1589 974 sex
1621 923 1675 972 in
1711 921 1828 991 pri-

107 1028 228 1061 mus
269 1007 437 1059 tribus
475 1008 718 1076 corporis
760 1009 1069 1076 segmentis,
1132 1008 1238 1058 duo
1273 1008 1462 1059 ultimo
1500 1005 1655 1056 affixi
1688 1016 1830 1066 sunt,

106 1090 333 1160 reliqui,
373 1089 414 1139 si
441 1101 682 1154 exstant,
729 1093 784 1144 in
806 1092 1062 1160 septimo,
1117 1102 1307 1142 octavo
1332 1103 1489 1159 atque
1517 1108 1690 1148 nono,
1740 1107 1831 1139 ra-

108 1176 222 1227 rius
259 1184 411 1226 sexto
454 1174 661 1226 invenis
704 1185 996 1244 segmentO.
1116 1174 1301 1239 Aliae,
1348 1173 1830 1244 Pliryganeoidum

111 1278 295 1323 more,
337 1275 551 1309 saccum
579 1261 798 1327 corpori
834 1259 1253 1311 circumtextum
1288 1269 1533 1327 portant,
1593 1276 1637 1307 e.
1662 1275 1710 1325 g.
1739 1274 1836 1324 ge-

111 1343 256 1395 neris
283 1341 481 1411 Phycis
516 1343 700 1393 larvae
737 1354 897 1411 atque
939 1362 967 1392 e
994 1342 1270 1395 Tineitum
1304 1341 1509 1392 familia
1545 1340 1829 1409 quaedam,

113 1428 249 1478 aliae
271 1426 390 1495 pilis
418 1425 737 1493 longissimis
763 1437 921 1495 atque
959 1426 1139 1494 rigidis
1164 1437 1362 1490 tectae,
1412 1426 1488 1477 uti
1512 1423 1836 1494 Bombyces,

115 1511 248 1561 aliae
278 1509 442 1578 spinis
473 1509 835 1577 simplicibus,
891 1509 1003 1561 sive
1041 1511 1218 1579 potius
1250 1509 1479 1560 ramosis
1513 1519 1573 1559 ut
1597 1508 1837 1576 Papilio-

114 1611 412 1646 naceorum
461 1593 742 1660 quaedam.
847 1593 1054 1645 Omnes
1101 1594 1157 1645 in
1202 1611 1406 1664 pupam
1455 1592 1836 1662 quiescentem,

116 1677 277 1730 modo
302 1675 681 1740 folliculatam,
721 1677 882 1728 modo
907 1677 1109 1728 nudam
1135 1687 1431 1729 transeunt.

280 1761 449 1811 Simili
474 1761 635 1810 modo
661 1771 710 1812 et
736 1760 1052 1829 organisatio
1077 1763 1287 1813 interna
1321 1761 1584 1829 congruit.
1643 1763 1703 1812 In
1727 1761 1843 1811 lar-

117 1843 199 1898 vis
227 1844 530 1915 reperimus
564 1845 772 1896 canales
804 1846 1051 1897 salivales
1076 1846 1348 1914 elongatos
1377 1857 1536 1914 atque
1560 1845 1842 1914 glandulas

121 1930 406 1981 materiam
436 1927 499 1977 ad
529 1927 620 1978 fila
646 1929 888 1979 ducenda
915 1941 1269 1990 secernentes,
1308 1948 1476 1998 porro
1502 1928 1846 1981 stomachum

124 2014 460 2081 elongatum,
505 2011 896 2081 cylindricum,
942 2024 1101 2083 atque
1136 2032 1262 2065 vasa
1302 2012 1523 2063 belifera
1549 2032 1673 2076 sex,
1710 2013 1846 2064 alte-

121 2116 250 2149 rum
286 2096 341 2146 in
372 2096 605 2146 alterum
636 2097 983 2148 transeuntia.
1078 2100 1148 2149 Et
1184 2097 1494 2165 genitalium
1538 2097 1849 2148 rudimenta

123 2181 233 2234 iam
257 2180 311 2231 in
337 2179 512 2249 primo
537 2181 718 2230 aetatis
742 2191 986 2250 tempore
1013 2190 1325 2232 occurrunt.
1342 2171 1416 2214 44)
1500 2179 1852 2251 Lepidopteri

127 2274 400 2317 structura
428 2263 662 2316 multum
686 2265 914 2330 recedit3
967 2265 1300 2334 oesophagus
1321 2264 1532 2333 longior
1560 2276 1719 2334 atque
1748 2282 1849 2314 an-

128 2348 331 2418 gustior
365 2346 420 2397 in
461 2347 613 2415 apice
654 2349 1022 2400 ventriculum
1066 2349 1361 2400 suctorium
1402 2367 1574 2399 unum
1613 2348 1696 2399 vel
1740 2347 1848 2398 duo

130 2430 292 2501 gerit,
330 2429 637 2482 stomachus
662 2450 825 2483 verus
851 2434 1022 2486 multo
1050 2432 1295 2498 brevior,
1337 2433 1534 2496 ovalis,
1574 2432 1850 2483 interdum

132 2518 187 2568 in
214 2515 346 2565 duas
370 2513 639 2565 seiunctus
662 2528 866 2584 parte53
909 2517 1079 2568 statim
1110 2526 1229 2585 post
1251 2516 1591 2568 stomachum
1618 2534 1743 2566 vasa
1765 2514 1852 2566 bi-

132 2598 292 2652 lifera
321 2597 511 2650 tubum
552 2599 838 2667 perforant
866 2600 1253 2665 intestinale1n3
1295 2600 1448 2650 ilium
1475 2600 1710 2668 longius,
1751 2617 1853 2650 an-

134 2683 336 2753 gustius
358 2681 414 2732 in
449 2680 737 2733 abdomine
762 2683 870 2734 huc
897 2695 1056 2754 atque
1080 2684 1211 2734 illuc
1237 2684 1548 2735 revolutum
1570 2723 1584 2746 ,
1611 2684 1666 2734 in
1691 2683 1853 2734 colon

131 2767 303 2818 breve
327 2775 488 2833 atque
513 2785 770 2830 crassum,
810 2768 1083 2819 interdum
1108 2767 1436 2818 coeoiferum
1462 2767 1585 2819 abit.
1615 2792 1698 2800 --
1741 2767 1857 2817 Ge·-

137 2850 321 2902 nitalia
348 2868 416 2899 ex
439 2849 636 2901 ovariis
663 2851 931 2920 spiraliter
957 2852 1103 2903 tortis
1120 2890 1133 2913 ‚
1179 2851 1428 2920 digitalis,
1471 2848 1857 2902 monilii'ormi-

137 2935 239 2986 bus
276 2945 435 3002 atque
475 2935 718 2985 testiculo
755 2935 915 2985 unico
947 2936 1061 2987 sive
1102 2935 1337 2996 duobus,
1391 2954 1515 2985 cum
1558 2935 1716 2986 bullis
1756 2952 1856 3003 ap-

138 3017 508 3089 pendicalibus
530 3018 753 3087 insuper
780 3019 1094 3082 exstructis,
1133 3030 1556 3089 componuntur.

198 3228 277 3285 44)
330 3229 395 3272 Cf.
442 3232 673 3272 HERoLo's
712 3231 1323 3287 Entwickel'un‘gsgeschichte
1363 3231 1441 3274 der
1480 3218 1861 3288 Sclnnetterlinge·

256 3288 464 3341 illm-burg
484 3287 581 3328 821.
639 3286 683 3331 4.
742 3292 828 3331 Mit
846 3290 1059 3346 Kupsern.
