2069 3697
659 171 1234 226 ——-—-—w-—--

25 397 31 405 1
83 329 161 400 gis
184 332 476 384 NITZSCH.
503 339 552 381 et
575 329 762 380 Pulice
797 328 852 380 in
884 329 1170 398 proprium
1206 329 1449 381 ordinem
1474 332 1819 400 Apterorum

30 412 33 415 ’
84 415 389 475 coniunxit,
432 413 521 463 sed
555 413 631 463 nil
655 413 754 463 nisi
786 413 999 464 alarum
1027 412 1263 465 defectus
1290 414 1541 466 omnibns
1566 433 1817 467 commu-

81 518 180 557 ne,
239 497 342 547 alia
376 497 737 547 instrumenta
773 495 978 548 liabent
1016 498 1121 547 oris
1145 509 1357 566 aperta,
1425 498 1530 548 a'ia
1566 510 1816 552 rostrum

82 581 416 642 suctorium,
475 580 578 630 alia
615 579 1079 648 metamorphosin
1114 582 1387 649 spuriam,
1440 581 1544 632 alia
1567 584 1814 650 comple-

81 677 225 728 tam,
284 662 499 715 dissolvi
540 663 702 731 igitur
731 663 880 713 hunc
907 662 1154 714 ordinem
1193 675 1244 716 et
1270 663 1501 715 familie-s
1537 666 1604 715 ad
1626 666 1813 719 affines

76 746 359 800 transduxi
380 747 657 798 sectiones.
743 746 1134 814 Siphunculata
1155 749 1348 799 LATR.
1375 748 1461 799 vel
1486 748 1814 818 Hemiptera

74 830 308 900 epizoica
342 831 670 881 NITZSCHJI
707 841 887 880 rostro
922 831 1204 898 vaginato,
1258 823 1642 898 quadrisetossf’)
1682 851 1808 885 cum

80 913 412 983 Hemipteris
462 912 781 970 cohaerent,
848 913 957 963 alas
1007 932 1139 965 vero
1174 914 1477 965 deficientes
1519 916 1657 968 etin
1695 917 1808 968 aliis

77 996 302 1048 huiusce
330 996 530 1046 ordinis
558 995 873 1064 generibus,
909 1014 953 1046 e.
982 1014 1026 1046 c.
1052 997 1282 1060 Cimice,
1311 997 1557 1066 Aphide,
1603 1000 1800 1060 Cocco,

79 1091 177 1132 etc.
224 1080 593 1131 observamus.
706 1078 919 1131 Eodem
963 1079 1128 1130 modo
1178 1080 1593 1150 Dictyotoptera
1644 1093 1806 1153 atque

73 1164 304 1233 Diptera
343 1162 629 1232 generibus
670 1162 868 1231 apteris
894 1200 908 1226 ,
990 1163 1285 1230 parasiticis
1319 1164 1530 1214 initium
1568 1167 1802 1235 capiunt.

73 1247 423 1316 Mallopliaga
441 1248 764 1297 NITZSCHII
794 1245 935 1297 enim
964 1243 1109 1296 haud
1140 1247 1207 1297 ad
1235 1247 1587 1316 Orthoptera,
1610 1249 1701 1300 sed
1730 1250 1797 1300 ad

70 1331 485 1401 Dictyotoptera
509 1329 758 1398 ponenda
783 1348 910 1392 esse,
939 1328 1047 1380 iam
1072 1331 1315 1398 analogia
1340 1349 1465 1381 cum
1492 1332 1687 1395 Psoco,
1731 1332 1815 1383 ab.

68 1414 185 1483 ipso
223 1413 581 1464 oculatissimo
618 1423 840 1463 auctore
876 1406 1267 1478 obse1·vata,³⁷>
1321 1425 1560 1466 testatur.
1644 1417 1800 1468 Puli-

69 1516 188 1548 cem
224 1516 354 1549 vero
391 1495 632 1565 Dipteris
670 1496 959 1559 associavi,
1013 1496 1257 1548 OKENIO
1293 1509 1617 1565 praeeunte,
1671 1500 1796 1567 quia

64 1580 530 1649 metamorphosin
553 1578 714 1630 habet:
736 1579 1060 1649 completam
1096 1591 1257 1649 atque
1283 1592 1554 1643 rostrum,
1606 1583 1794 1652 Pupa-

63 1683 258 1732 gorum
292 1683 445 1714 more
470 1673 861 1714 constructum.
955 1662 1139 1714 Aliam
1176 1664 1625 1732 Hemipterorum
1664 1684 1793 1718 cum

62 1747 487 1818 Dictyotopteris
517 1746 951 1797 coniunctionem
975 1745 1115 1797 inter
1142 1747 1420 1799 Cicadaria
1442 1749 1793 1819 atqueEphe-

60 1833 272 1882 merina
305 1843 355 1882 et
377 1830 706 1882 Libellulina
741 1840 937 1893 exstat,
991 1849 1226 1899 quorum
1267 1842 1535 1882 antennae
1569 1832 1623 1883 in
1650 1851 1791 1902 quo-

62 1934 166 1983 que
199 1916 387 1966 ordine
422 1925 562 1966 setae
597 1913 776 1965 brevis
816 1924 976 1982 atque
1020 1914 1226 1979 tenuis,
1284 1917 1629 1967 aemulantur
1662 1916 1785 1968 for-

59 2015 226 2050 mam.
313 1997 640 2049 Geocoritles
674 2007 900 2066 propter
937 2008 1197 2049 antennas
1221 2016 1421 2067 parum
1459 1999 1788 2064 articulatas,

59 2092 218 2150 atque
242 2082 597 2133 articulorum
633 2098 930 2131 numerum
975 2080 1283 2144 definitum,
1350 2083 1463 2135 sive
1491 2083 1634 2151 quod
1661 2102 1786 2135 om-

60 2184 185 2217 nem
232 2165 445 2216 numeri
481 2164 837 2216 articulorum
868 2164 1185 2216 varietatem
1226 2166 1449 2234 respuit,
1483 2167 1551 2216 ad
1587 2166 1784 2234 Dipte-

57 2267 148 2309 rat,
202 2249 614 2318 Hydrocorides
636 2266 798 2310 vero,
846 2266 984 2317 quae
1013 2248 1383 2301 Sernbloidum
1412 2261 1572 2319 atque
1595 2249 1782 2319 Phry-

57 2333 410 2400 ganaeoidum
466 2351 620 2383 more
670 2349 867 2400 aquam
923 2330 1245 2397 inhabitant,
1307 2333 1373 2383 ad
1428 2335 1780 2404 Neuroptera

55 2416 429 2468 transducunt.

221 2512 385 2581 Quod
421 2511 486 2562 ad
522 2521 851 2563 structuram
889 2510 1158 2564 internam
1197 2510 1413 2574 attinet,
1452 2513 1778 2582 Hemiptera

57 2614 271 2666 semper
293 2596 600 2665 glandulas,
653 2595 765 2647 sive
787 2595 963 2664 potius
989 2597 1200 2648 canales
1224 2596 1466 2647 salivales
1487 2596 1777 2665 possident,

59 2699 194 2749 quae
224 2680 326 2731 filis
363 2679 666 2732 tenerrimis
702 2679 755 2730 in
799 2698 855 2730 os
887 2679 1103 2731 abeunt.
1192 2679 1547 2749 Oesophagus
1583 2680 1776 2746 tenuis,

56 2764 218 2814 modo
247 2764 458 2831 longior
483 2762 645 2814 modo
668 2761 888 2813 brevior
915 2763 968 2814 in
998 2763 1341 2815 stomachum
1367 2764 1578 2815 ovalem
1597 2802 1611 2827 ,
1652 2782 1774 2817 am-

54 2848 236 2916 plum,
289 2846 597 2915 saepissime
624 2846 1010 2916 appendicibus
1035 2845 1364 2909 lateralibus,
1400 2847 1769 2900 ventriculum

53 2931 351 2982 suctorium
395 2930 782 2993 referentibus,
832 2930 1158 2981 instructum
1195 2930 1507 2982 transducit.
1591 2929 1771 2993 Ilium,

49 3014 324 3067 interdum
352 3014 528 3064 denuo
559 3012 968 3083 amplificatum,
1007 3014 1240 3065 alterum
1262 3013 1393 3067 facit
1412 3014 1772 3080 stomachum,

101 3224 180 3276 36)
214 3224 340 3266 Conf.
392 3227 667 3267 Nmzscnms
713 3226 760 3265 in
801 3225 1039 3266 GERMAR’S
1085 3225 1291 3279 Magazin
1329 3224 1407 3267 der
1445 3227 1753 3282 Entomologie

156 3281 258 3321 Vol.
284 3283 354 3322 Ill.
412 3298 511 3338 pag.
545 3280 642 3322 304.

99 3347 180 3403 37)
210 3351 391 3393 Ibidem.
427 3352 530 3395 Vol.
557 3353 633 3395 IV.
665 3366 764 3407 pag.
787 3350 884 3392 280.

1413 3417 1452 3468 2
1473 3420 1499 3450 ἡ
