2069 3697
654 198 1253 256 ...-..37-...-..-.

102 354 419 431 praesertim
456 373 624 425 genus
663 350 888 406 Melasis
905 393 918 415 ‚
960 355 1013 406 D
1034 372 1110 424 ep
1126 371 1154 405 e
1167 373 1197 405 r
1209 352 1350 405 dito
1365 370 1394 405 r
1408 371 1437 403 e
1453 368 1477 402 s
1489 388 1504 418 ‚
1552 360 1614 404 ut
1641 350 1823 422 Xylo-

103 454 390 511 trogorum
438 449 600 509 atque
631 438 935 490 Ptiniorum
968 439 1340 490 LATREILLII
1385 433 1556 488 tribus
1601 434 1824 487 coalitos

107 526 224 577 dico
239 563 253 589 ,
321 542 366 574 e.
417 540 467 592 g.
511 521 740 574 Ptilinus
755 561 769 587 ,
817 521 1099 574 Anobium
1146 529 1450 590 sequuntur
1467 557 1482 583 ,
1559 528 1720 588 atque
1765 517 1824 569 in

106 610 278 661 altero
309 606 419 657 fine
457 624 582 657 cum
613 606 656 657 C
673 605 892 674 elerip
914 624 941 655 e
959 604 1189 668 dibus,
1244 623 1273 655 e
1294 599 1581 676 generibus
1607 601 1826 655 Moloe-

110 691 241 755 ch0,
284 688 525 742 Choleva
549 699 708 757 atque
728 688 1011 758 Scaphidio
1038 687 1311 753 formatiS,
1353 687 1660 739 cohaerent.
1711 684 1827 736 Ge-

108 793 213 826 nus
241 772 483 826 Choleva
504 771 570 822 ad
590 771 851 824 familiam
887 782 1201 840 sequentem
1227 772 1270 824 C
1286 771 1346 822 le
1360 771 1417 824 ri
1432 789 1460 821 c
1477 789 1508 822 o
1525 788 1555 821 r
1574 788 1607 819 u
1622 787 1680 821 m
1723 766 1829 818 du·-

112 858 182 910 cit
197 896 211 921 ,
262 875 497 926 quorum
533 874 730 924 genera
767 856 1052 916 Masticus‚
1121 854 1493 925 Scydmaenus
1530 849 1829 923 Pselaphos

111 952 271 1010 atque
298 939 562 992 Anthicos
586 949 854 1008 repetunt,
894 938 1121 1006 ideoque
1140 939 1350 990 tertiam
1377 939 1832 1006 Coleopterorum

117 1024 311 1077 seriem
338 1022 616 1091 incipiunt.
701 1022 912 1078 Clerica
933 1022 995 1072 M
1009 1039 1038 1070 a
1055 1040 1080 1070 c
1094 1040 1122 1071 r
1139 1040 1169 1071 o
1187 1021 1217 1071 d
1232 1041 1260 1073 a
1276 1041 1303 1072 c
1323 1021 1469 1092 tyla
1511 1029 1832 1089 sequuntur,

116 1125 253 1178 quae
274 1124 372 1176 per
397 1124 564 1175 genus
587 1107 951 1157 Heterocerus
974 1104 1027 1155 in
1046 1104 1323 1174 Byrrhina
1349 1104 1642 1157 abiunt.-—·
1667 1104 1834 1156 Nova

113 1192 573 1244 Pentamerorum
627 1189 812 1258 stirps,
885 1189 1131 1239 antennis
1190 1188 1411 1240 clavatis
1456 1189 1546 1241 vel
1593 1185 1834 1258 capitatis

114 1273 382 1344 gaudens,
436 1291 562 1323 cum
585 1270 1142 1342 Palpicornibus
1184 1271 1372 1342 incipit
1404 1282 1565 1343 atque
1601 1289 1633 1321 a
1668 1271 1837 1322 Sca-

113 1353 612 1410 rabaeoidibus
635 1394 650 1419 ‚
749 1355 1131 1407 Lucanicis
1156 1393 1170 1419 ,
1259 1354 1793 1418 Histeroidibus
1820 1390 1837 1418 ‚

115 1437 721 1494 Dermestoidibus
759 1449 811 1490 et
840 1437 1279 1491 Peltoidibus
1331 1438 1707 1508 componitur3
1746 1436 1838 1488 ul—

115 1524 250 1577 tima
282 1522 588 1575 Peltoidum
636 1539 864 1590 genera,
942 1540 989 1572 e.
1020 1539 1069 1591 g.
1113 1521 1386 1592 Agyrtes,
1455 1522 1669 1593 Silpha,
1725 1518 1840 1575 Mi-

117 1606 407 1676 cropeplus
421 1644 435 1671 ,
480 1605 622 1656 hanc
648 1604 909 1656 familiam
946 1624 1071 1656 cum
1098 1606 1141 1657 Β
1158 1625 1186 1657 r
1203 1624 1233 1656 a
1248 1626 1275 1658 c
1290 1605 1324 1657 h
1339 1623 1378 1677 y
1394 1625 1422 1656 e
1437 1605 1505 1678 ly
1518 1617 1536 1658 t
1551 1625 1580 1658 r
1594 1606 1612 1659 i
1626 1626 1676 1671 S,
1721 1623 1766 1656 e.
1787 1622 1837 1674 g.

121 1690 367 1754 Omaliis,
410 1687 760 1752 Aleocharis,
802 1690 1155 1757 coniungunt,
1192 1708 1330 1758 quae
1353 1700 1469 1742 tum
1491 1689 1558 1740 ad
1588 1688 1837 1741 ultimam

122 1775 578 1843 Coleopterorum
604 1774 842 1842 stirpem,
866 1773 1039 1842 palpis
1064 1792 1161 1823 sex
1182 1773 1462 1843 insignem,
1491 1792 1548 1824 se
1573 1772 1840 1825 admovet.

120 1856 853 1927 Hydrocantharides,
892 1856 1310 1908 Carabicina
1354 1868 1404 1909 et
1426 1856 1575 1910 Cici
1598 1856 1841 1908 ndela-

122 1960 152 1992 c
171 1958 247 1992 ea
288 1958 408 1992 eam
437 1950 801 2010 componunt,
842 1938 1023 2008 itaque
1055 1951 1221 1992 totam
1246 1943 1584 1993 lnsectorum
1614 1951 1665 1993 et
1701 1940 1843 1991 clas-

121 2044 237 2078 sem
262 2034 313 2076 et
338 2023 584 2075 ordinem
604 2023 911 2076 terminant.
934 2050 1017 2062 --
1038 2025 1294 2077 Rationes
1322 2044 1476 2077 meae
1499 2023 1834 2076 distributio-

122 2108 205 2159 nis
230 2107 430 2158 addere
449 2126 620 2177 paene
643 2124 1107 2177 supervacaneum
1136 2119 1298 2178 put0,
1352 2109 1467 2160 sine
1500 2107 1660 2159 dubio
1685 2107 1837 2177 quis·-

124 2190 242 2261 quis
259 2229 273 2256 ,
349 2190 438 2260 qui
470 2200 708 2261 systema
746 2190 1024 2259 diligenter
1064 2193 1363 2255 examinet,
1431 2191 1594 2243 modo
1641 2191 1846 2255 sentiet,

124 2275 489 2326 connexiones
512 2275 753 2326 maxime
780 2276 1051 2326 naturales
1089 2275 1156 2326 ab
1191 2294 1300 2326 una
1325 2276 1382 2328 in
1413 2277 1637 2328 alteram
1663 2286 1847 2327 trans-

127 2358 326 2409 ducere
361 2356 641 2409 familiam.
760 2358 1078 2410 Carabicina
1113 2370 1274 2428 atque
1306 2357 1847 2430 Hydrocantharides

125 2460 405 2493 summum
433 2442 678 2493 omnium
712 2440 955 2494 obtinere
989 2442 1183 2495 debent
1217 2444 1432 2508 locum,
1488 2442 1630 2512 quod
1667 2452 1718 2495 et
1740 2441 1849 2493 oris

127 2536 425 2588 structura,
474 2526 650 2595 palpis
685 2544 781 2577 sex
819 2526 1065 2595 insignis,
1119 2537 1170 2578 et
1206 2527 1347 2579 vitae
1371 2527 1506 2578 ratio
1532 2525 1695 2577 modo
1718 2543 1850 2577 cur-

125 2628 252 2660 rens
278 2609 438 2660 modo
463 2609 718 2674 volitanS,
757 2611 1075 2678 praesertim
1100 2629 1231 2664 vero
1255 2611 1540 2665 larvarum
1559 2610 1744 2662 forma
1768 2619 1854 2670 at—

129 2711 234 2762 que
269 2693 591 2760 organisatio
625 2703 868 2745 testatur.

288 2776 376 2828 De
412 2786 684 2828 structura
719 2777 933 2830 interna
959 2795 1133 2846 pauca
1166 2777 1342 2830 adhuc
1376 2777 1590 2829 addam.
1673 2777 1851 2831 Geso-2

128 2859 337 2930 phagus
365 2859 542 2912 brevis
566 2861 620 2911 in
649 2861 823 2912 Carn
841 2862 905 2915 iv
923 2880 953 2910 ο
971 2862 1065 2913 ris
1102 2863 1255 2931 apice
1276 2863 1332 2914 in
1356 2862 1651 2931 ingluviem
1678 2861 1851 2914 sacci-

126 2943 364 2994 sormem
395 2944 507 2995 sive
525 2944 702 3014 potius
727 2946 1196 3015 proventriculum
1224 2946 1638 3016 amplificatum,
1677 2946 1854 3015 plica-

130 3038 247 3078 tum
276 3027 493 3091 transit,
540 3046 700 3097 quem
728 3030 1036 3082 stomachus
1074 3030 1210 3081 alter
1240 3031 1545 3100 angustior,
1587 3027 1852 3099 cylindri-

132 3129 253 3173 cus,
275 3110 514 3180 undique
535 3112 592 3163 in
614 3111 782 3163 latere
804 3125 1030 3167 externo
1053 3114 1302 3182 plurimis
1328 3112 1686 3184 processibus,
1720 3112 1849 3164 bre-

127 3193 287 3247 vibus
304 3232 318 3259 ,
349 3195 500 3264 apice
523 3195 713 3246 clausis
741 3198 999 3265 gaudeus,
1036 3198 1296 3267 sequitur.
1374 3198 1561 3249 Statim
1585 3206 1705 3266 post
1730 3206 1844 3248 sto-

131 3275 390 3331 machum
413 3297 540 3330 vasa
563 3278 777 3330 bilifera
818 3292 1051 3350 quatuor
1085 3281 1238 3352 apice
1272 3280 1616 3332 cohaerentia
1650 3279 1848 3332 tubum

128 3360 445 3432 perforant3
478 3362 632 3417 ilium
659 3363 822 3417 modo
852 3363 1093 3436 longiuS,
1142 3365 1304 3417 modo
1331 3364 1648 3420 brevissime
1671 3364 1729 3418 in
1750 3381 1850 3435 905-
