2069 3697
802 151 1379 208 ---26......-

227 304 553 377 quibuscum
576 305 803 361 Asilio
821 327 853 359 a
890 327 959 359 ex
977 310 1139 361 rostri
1168 321 1441 362 structura
1466 310 1786 381 iunguntur,
1821 330 1959 380 quae

225 409 328 462 ‘per
360 391 706 461 Laphrias
749 393 805 444 in
842 391 1198 444 Tabanica
1241 394 1452 459 abiunt,
1518 414 1755 464 quorum
1790 414 1958 464 genus

226 475 413 544 Pang
431 477 610 540 onia,
663 487 842 527 rostro
871 477 1118 544 elongato
1136 514 1151 539 ,
1207 479 1363 528 valde
1386 480 1730 548 prominente
1754 479 1960 531 instru-

229 569 405 624 ctum,
455 560 651 610 iterum
692 559 757 609 ad
789 559 1158 630 Lepidoptera
1195 563 1484 613 transitum
1523 573 1683 632 atque
1720 562 1956 615 affinita-

226 652 337 696 tem
375 642 563 695 refert.

386 728 702 779 Lai-varum
728 724 954 777 huiusce
981 724 1182 778 ordinis
1217 736 1520 790 structura,
1572 739 1833 796 quantum
1857 728 1964 780 sci-

228 829 370 874 mUS,
411 810 572 862 valde
599 809 882 880 discrepat.
963 812 1191 880 Semper
1215 810 1336 868 loca
1362 809 1689 877 abscondita,
1731 811 1963 863 obscura

229 906 391 964 atque
426 894 646 946 humida
681 893 921 945 incolere
961 894 1232 946 videntur.
1328 893 1512 958 Aliae,
1569 906 1628 946 ut
1667 895 1961 948 Culicisor-

228 979 404 1032 mium
431 979 645 1041 larvae,
693 978 748 1028 in
779 997 946 1047 aqua,
1010 979 1146 1029 aliae
1179 979 1235 1028 in
1269 977 1477 1046 fungis,
1542 980 1681 1030 aliae
1724 980 1781 1030 in
1813 990 1961 1032 terra

230 1064 444 1132 degunt.
525 1063 753 1131 Semper
778 1062 1035 1133 pedibus,
1079 1073 1241 1131 atque
1262 1063 1572 1132 saepissime
1597 1064 1756 1115 etiam
1789 1064 1962 1133 capite

231 1157 442 1211 carent,
512 1146 603 1198 sed
632 1147 689 1197 in
725 1147 1150 1217 Polymerorum
1182 1146 1349 1197 larvis
1389 1145 1553 1198 adest.
1652 1149 1807 1216 Pupa
1840 1149 1955 1199 Cu-

227 1230 582 1285 liciformium
622 1230 1016 1295 circumnatat,
1090 1242 1253 1299 atque
1286 1230 1357 1282 ita
1387 1228 1607 1282 Insectis
1653 1231 1757 1282 illis
1787 1242 1963 1283 meta-

228 1314 513 1386 morphosi
535 1315 864 1384 incompleta
884 1315 1027 1366 hanc
1053 1313 1320 1365 familiam
1344 1314 1776 1384 adpropinquat3
1820 1325 1965 1366 cete-

227 1418 350 1463 rae,
402 1399 459 1450 in
481 1399 593 1469 ipsa
618 1399 805 1450 larvae
836 1410 957 1450 cute
990 1399 1260 1462 inclusae,
1318 1399 1650 1466 quiescentes
1694 1399 1963 1451 evolutio-

227 1503 356 1535 nem
393 1493 733 1553 exspectant,
798 1483 1063 1552 quaedam
1099 1502 1143 1534 e.
1179 1501 1228 1550 g.
1264 1481 1722 1551 Xylophagorum
1759 1495 1809 1535 et
1845 1485 1960 1535 Ta·-

227 1567 554 1622 banicorum
580 1585 760 1636 pupae
785 1568 1010 1637 propria
1054 1567 1414 1620 involvuntur
1449 1578 1571 1618 cute
1594 1578 1753 1636 atque
1776 1569 1962 1619 larvae

228 1662 407 1704 cutem
449 1651 756 1702 detrahunt.

392 1736 680 1788 Structura
700 1735 913 1785 interna
934 1733 1172 1785 maxime
1197 1732 1447 1803 congruit
1466 1733 1522 1785 in
1543 1732 1648 1784 hoc
1671 1731 1878 1783 ordine.

392 1820 622 1890 Semper
648 1818 784 1882 duo,
834 1818 1014 1869 rarius
1053 1836 1195 1870 unus
1231 1818 1381 1870 adest
1403 1818 1629 1882 canalis,
1692 1816 1782 1869 vel
1804 1814 1958 1882 glan-

227 1904 355 1956 dula
380 1905 642 1967 salivalis,
696 1903 967 1970 elongata,
1011 1920 1149 1971 quae
1181 1903 1408 1972 proprio
1447 1902 1612 1954 ductu
1645 1901 1709 1952 in·
1741 1920 1798 1951 os
1835 1893 1960 1958 abit,

225 1988 500 2041 interdum
527 1997 707 2040 autem
745 1986 1048 2056 oesophago
1082 1986 1354 2038 adhaeret.
1439 1984 1762 2038 Stomachus
1787 1981 1962 2051 cylin-

231 2073 412 2124 dricus
441 2083 492 2124 et
522 2073 578 2124 in
621 2070 1011 2139 longitudinem
1044 2070 1213 2138 magis
1247 2088 1519 2139 expansus
1543 2068 1721 2121 statim
1748 2077 1872 2138 post
1894 2062 1961 2114 fi-

228 2176 358 2208 nem
390 2174 519 2208 vasa
546 2154 765 2206 bilit'era
789 2165 1048 2224 quatuor,
1091 2154 1271 2205 rarius
1297 2156 1352 2204 in
1377 2172 1549 2204 unum
1582 2152 1772 2203 coalita
1796 2165 1958 2200 cana-

228 2240 358 2304 lem,
401 2241 728 2310 plerumque
750 2238 877 2290 bina
910 2239 1051 2290 inter
1074 2257 1131 2289 se
1155 2237 1498 2289 cohaerentia
1525 2235 1739 2305 excipit.
1797 2234 1960 2286 Ilium

231 2325 524 2394 angustius,
565 2341 725 2393 saepe
745 2322 1025 2374 stomacho
1048 2321 1286 2385 breviUS,
1320 2321 1377 2373 in
1402 2321 1562 2372 colon
1582 2319 1770 2381 breve,
1811 2333 1963 2368 cras-

232 2428 384 2470 sum,
429 2408 663 2478 amplius
707 2407 926 2470 transit,
977 2424 1216 2476 quocum
1269 2405 1548 2458 interdum
1604 2420 1831 2455 coecum
1872 2398 1963 2452 vel

233 2511 409 2545 unum
430 2493 521 2545 vel
552 2493 659 2544 duo
693 2490 1004 2543 cohaerent.
1096 2489 1453 2544 Ventriculus
1484 2489 1576 2540 ille
1608 2483 1961 2539 secundarius

234 2578 349 2630 sive
382 2576 651 2629 suctorius
677 2574 885 2626 bullam
916 2592 1201 2644 magnam,
1240 2575 1284 2626 si
1311 2574 1440 2626 aere
1475 2570 1828 2642 expanditur,
1868 2575 1963 2617 aut

235 2660 635 2729 complicatam,
664 2659 760 2711 illo
784 2659 1063 2724 exhaustO,
1105 2657 1292 2721 refert,
1325 2675 1463 2727 quae
1483 2675 1583 2726 per
1611 2654 1855 2706 canalem
1881 2661 1964 2702 te-

234 2764 401 2797 nuem
428 2757 586 2814 atque
612 2743 923 2812 elongatum
943 2744 999 2794 in
1025 2742 1317 2812 oesophagi
1342 2741 1528 2805 finem,
1570 2739 1683 2793 sive
1706 2737 1763 2789 in
1786 2737 1967 2805 ipsum

237 2849 296 2878 os
327 2829 453 2879 abit.
555 2828 712 2879 Duos
757 2826 1386 2889 huiuscemodiexstare
1428 2823 1783 2883 ventriculos,
1824 2829 1883 2870 ut
1908 2817 1965 2868 in

234 2911 644 2982 Lepidopteris,
679 2910 734 2961 in
771 2910 878 2962 hoc
908 2911 1098 2963 ordine
1134 2909 1372 2962 anatomi
1404 2908 1550 2960 haud
1583 2907 1966 2958 observarunt.

397 2993 787 3064 Respirationis
824 3005 1060 3065 systema
1089 2995 1146 3046 in
1181 2992 1506 3063 quibusdam
1528 2990 1746 3043 familiis
1785 2987 1968 3054 singu-

237 3082 410 3132 larem
436 3079 599 3129 habet
620 3088 970 3130 structuram.
1050 3082 1110 3131 ln
1137 3077 1436 3129 abdominis
1456 3076 1570 3127 basi
1593 3073 1819 3134 scilicet,
1856 3079 1969 3121 sta-

241 3166 334 3230 tim
368 3174 483 3230 post
508 3163 814 3227 thoracem,
852 3162 989 3215 duae
1010 3162 1187 3214 iacent
1213 3161 1395 3212 bullae
1421 3177 1674 3228 magnae,
1728 3155 1853 3208 aere
1876 3170 1966 3204 re·-

241 3249 440 3318 plctac,
496 3247 552 3297 in
572 3263 705 3316 quas
733 3244 956 3299 trachae
988 3255 1272 3299 transeunt
1295 3256 1455 3313 atque
1478 3245 1659 3296 aerem
1689 3238 1971 3290 inducunt.

242 3332 585 3385 l'ulmonum
641 3327 824 3382 officio
881 3329 1036 3400 fungi
1092 3329 1224 3382 mihi
1276 3329 1497 3397 quidem
1554 3321 1975 3381 veresimillime,
