2069 3697
675 143 1251 202 *ὃὸ-..-

101 312 393 357 tractatum
415 312 578 372 atque
600 306 1018 370 perscrutatum.
1101 301 1273 374 Atqui
1294 320 1503 375 reapse,
1544 319 1831 373 nunquam
1868 374 1874 376 Δ

100 388 227 440 alibi
247 385 486 438 invenies
514 384 581 436 ad
607 384 968 454 colligendum
991 385 1253 451 faciliora,
1293 388 1361 439 ad
1387 387 1828 441 conservandum

100 471 308 540 aptiora
331 480 489 538 atque
510 470 574 520 ad
600 468 1029 522 distribuendum
1051 472 1219 541 magis
1243 472 1523 524 invitantia
1549 470 1821 537 animalia,

99 571 264 623 quam
286 553 341 604 in
372 553 477 604 hoc
504 552 721 623 quidem
744 554 948 605 ordine.
1008 555 1066 606 N
1069 555 1499 608 umerosissimae
1521 572 1822 623 corporum

95 636 310 688 formae
334 648 386 689 et
413 636 550 690 vitae
571 637 806 689 rationes
833 637 1121 703 delectant,
1169 650 1332 708 atque
1365 657 1534 692 novas
1562 636 1821 692 detectio-

95 739 190 772 nes
210 719 482 772 faciliores
500 720 763 786 reddunt,
802 722 920 790 quis
947 740 1075 791 ergo
1100 722 1370 792 vituperet
1398 723 1464 773 ad
1493 722 1642 773 hunc
1667 719 1820 772 ordi-

92 823 220 856 nem
246 805 615 873 entomologos
640 804 867 857 maximi
888 806 1152 858 momenti
1174 818 1226 859 et
1249 824 1473 876 operam
1497 816 1550 858 et
1573 814 1820 857 sumtum

73 887 442 958 impendissse
481 889 803 940 maximum.

254 971 576 1023 Distributio
610 981 793 1023 autern
840 988 1116 1022 novorum
1156 970 1383 1022 huiusce
1419 969 1623 1024 ordinis
1655 980 1819 1023 auto-

72 1073 217 1106 >rum
234 1092 249 1115 ‚
281 1074 349 1106 ex
371 1066 646 1106 tarsorum
672 1053 912 1106 articulis
935 1054 1188 1123 repetita,
1232 1072 1428 1123 magna
1458 1071 1592 1123 prae
1616 1074 1672 1107 se
1704 1053 1817 1107 sert

89 1139 456 1190 emolumenta
472 1178 485 1200 ‚
537 1149 589 1190 et
613 1138 875 1190 naturalis
897 1137 1131 1206 speciem
1154 1136 1346 1203 habet3
1397 1147 1448 1188 et
1473 1156 1569 1207 ego
1594 1137 1814 1207 quidem

82 1233 246 1292 pum,
287 1222 573 1292 quasdam,
629 1222 672 1273 si
696 1233 949 1274 naturam
973 1221 1351 1291 speculamur,
1399 1239 1504 1272 nec
1531 1221 1817 1272 varietates

85 1323 264 1357 meras
306 1325 406 1375 pro
438 1307 580 1358 veris
623 1305 887 1357 habemus
926 1304 1147 1368 formis,
1209 1304 1484 1356 naturales
1535 1301 1815 1356 stabilitati

82 1394 241 1457 posse
266 1390 541 1447 sectiones,
566 1389 669 1439 hoc
696 1388 932 1439 adhibito
956 1387 1336 1439 distributionis
1361 1398 1672 1454 momento,
1715 1386 1811 1438 sed

82 1473 237 1524 sicuti
263 1473 440 1523 adhuc
466 1472 696 1523 vidimus
719 1471 949 1522 familias
972 1490 1096 1522 cum
1122 1469 1340 1521 familiis
1363 1471 1696 1530 coniunctas,
1729 1470 1809 1522 nil

80 1556 183 1607 nisi
219 1557 558 1609 voluntariae
582 1568 632 1607 et
665 1566 855 1607 contra
898 1566 1152 1607 naturam
1188 1552 1468 1605 confectae
1494 1553 1805 1605 coalitiones

79 1639 394 1692 obveniunt.
476 1642 614 1691 Tres
641 1650 850 1690 tantum
875 1638 1092 1689 invenio
1118 1656 1277 1691 veros
1300 1648 1575 1690 tarsorum
1600 1636 1807 1689 articu-

78 1724 262 1774 lorum
298 1742 584 1786 numeros,
636 1722 726 1792 qui
763 1721 986 1774 vocibus
1021 1724 1455 1786 Tetramera,
1496 1722 1807 1772 Hetero-

79 1825 136 1857 m
153 1826 181 1856 e
198 1827 226 1858 r
242 1825 273 1857 a
336 1818 494 1876 atque
541 1808 581 1858 P
599 1825 674 1856 en
690 1817 708 1857 t
723 1824 752 1854 a
768 1826 818 1857 m
835 1825 903 1856 er
919 1823 950 1855 a
1006 1804 1407 1874 significantur,
1474 1805 1524 1856 T
1539 1804 1663 1855 rim
1678 1823 1708 1855 e
1725 1820 1802 1855 ra.

78 1909 213 1944 vero
241 1891 463 1941 omnino
488 1908 659 1958 paene
688 1888 1003 1952 reficienda,
1054 1890 1095 1940 si
1122 1889 1492 1957 Clavigera
1534 1887 1800 1956 excipias3

77 1973 279 2025 habent
306 1974 448 2025 enim
492 1975 577 2025 Co
595 1992 621 2023 c
637 1975 744 2024 cin
762 1973 851 2024 ell
868 1973 925 2022 oi
941 1972 969 2021 d
986 1991 1047 2023 es
1089 1984 1248 2041 atque
1284 1973 1329 2023 F
1346 1990 1426 2022 un
1442 1971 1542 2039 gic
1558 1971 1662 2022 ola
1705 1989 1800 2022 ar-

74 2058 239 2109 ticula
264 2069 495 2126 quatuor
513 2047 584 2090 4⁶)
628 2067 787 2125 atque
812 2055 1146 2124 Pselapbica,
1172 2057 1346 2124 legem
1368 2055 1512 2106 illam
1539 2054 1798 2123 antiquis-

75 2142 286 2206 simam,
330 2142 480 2192 nulla
502 2141 690 2208 regula
711 2141 824 2190 sine
851 2139 1182 2208 exceptione,
1223 2139 1516 2207 sequentia,
1561 2140 1800 2188 Hetero-

75 2226 238 2276 meris
273 2244 317 2276 e.
355 2243 399 2294 g,
441 2223 857 2275 Anthicoidibus
897 2223 1111 2291 adiungi
1140 2242 1274 2291 opus
1312 2232 1403 2273 est.
1485 2222 1610 2275 Tali
1632 2220 1792 2272 modo

73 2319 245 2360 totum
268 2320 503 2375 systema
526 2307 752 2369 institui,
798 2307 939 2375 quod
972 2307 1152 2360 tabula
1176 2305 1343 2356 affixa
1367 2315 1610 2357 testatur.
1652 2329 1736 2339 --

233 2392 452 2443 Initium
481 2391 699 2460 capiunt
732 2391 774 2442 C
793 2391 1106 2459 lavigera
1124 2430 1138 2455 ,
1187 2408 1324 2458 quae
1352 2399 1402 2440 et
1429 2399 1796 2439 antennarum

71 2486 232 2544 atque
259 2475 364 2526 oris
389 2475 623 2545 partium
644 2484 917 2525 structura
941 2485 990 2526 et
1021 2475 1159 2526 vitae
1195 2474 1401 2546 ratione
1430 2489 1601 2541 paene
1629 2489 1789 2540 para-

67 2559 215 2611 sitica
235 2558 487 2611 infimum
510 2558 608 2609 sibi
635 2557 907 2610 vindicant
931 2558 1131 2609 locum.
1192 2558 1344 2608 Haec
1366 2565 1628 2624 sequntur
1656 2557 1795 2607 Te-

69 2653 134 2694 tr
150 2661 248 2694 am
265 2663 292 2694 e
312 2663 340 2694 r
357 2661 384 2693 a
443 2653 602 2710 atque
646 2643 884 2711 primum
936 2641 1149 2710 quidem
1189 2640 1285 2692 Rh
1303 2658 1386 2711 yn
1407 2639 1528 2690 clio
1548 2638 1790 2708 phora,

70 2745 209 2795 quae
250 2727 301 2778 in
336 2727 823 2778 instrumentorum
851 2725 1179 2777 cibariorum
1210 2723 1390 2774 forma
1417 2723 1711 2791 Clavigeris
1736 2741 1792 2772 se

69 2810 535 2879 adpropinquant,
589 2822 747 2879 atque
779 2809 846 2859 ob
877 2810 1016 2860 hanc
1053 2828 1268 2859 causam
1315 2808 1501 2858 ceteris
1538 2805 1788 2857 omnibus

68 2894 381 2945 inferiorem
409 2895 649 2946 obtinent
674 2895 872 2958 locum,
898 2894 948 2944 id
977 2895 1117 2963 quod
1146 2895 1251 2944 iam
1283 2892 1559 2943 OKEMUS
1580 2881 1647 2923 4⁷)
1693 2894 1786 2939 ‹le-

121 3032 195 3088 46)
232 3039 318 3076 Iam
341 3041 385 3076 in
410 3041 658 3095 Fungicolis
680 3042 809 3081 Fabr.
834 3038 980 3096 (Syst.
1004 3041 1176 3080 Eleuth.
1203 3041 1234 3080 Ι.
1258 3036 1377 3091 504.)
1399 3053 1549 3078 verum
1573 3036 1785 3076 fflffiCUlO‘*

174 3109 269 3132 rum
292 3111 517 3136 nnmerum
539 3098 770 3149 indicavit,
816 3107 856 3137 et
879 3113 956 3150 ego
992 3113 1044 3137 ex
1065 3098 1210 3136 multis
1237 3098 1395 3137 certior
1417 3095 1553 3134 factus
1579 3109 1671 3132 sum
1698 3092 1785 3132 ob·-

176 3154 520 3204 servationibus',
552 3164 737 3207 ‹Juatuor
761 3155 941 3194 articula
975 3156 1020 3193 in
1047 3155 1168 3194 tarsis
1202 3161 1371 3193 exstare
1394 3148 1784 3199 Coccinelloidum,

178 3220 362 3259 quorum
385 3211 675 3262 penultimum
696 3212 922 3251 minimum
946 3220 1074 3264 atque
1107 3211 1346 3251 arctissime
1371 3223 1469 3249 cum
1491 3206 1673 3247 articulo
1698 3220 1785 3244 un·

173 3263 382 3315 guiculari
415 3268 708 3308 coniunctum.

115 3324 194 3382 47)
225 3332 264 3373 N
268 3336 610 3387 atui-geschichte
631 3337 701 3379 fm-
723 3329 911 3380 Schulen
924 3368 936 3390 ‚
982 3351 1078 3390 pag.
1099 3333 1197 3378 792.
1373 3396 1406 3449 3

1421 3401 1446 3429 ›0‹
