2069 3697
928 170 967 183 W

680 203 839 210 ...-.,-..
939 185 959 222 l
1058 202 1213 210 ...ἡ-

81 327 522 380 mandibularum
560 343 716 375 more
748 325 1242 395 Lepidopterorum
1287 320 1566 385 confecta,
1628 306 1817 389 affige-'-

81 412 256 464 batur.
357 408 724 461 Nihilominus
762 420 942 460 tamen
978 410 1205 460 eandem
1240 409 1291 458 in
1320 406 1588 458 ambobus
1626 405 1813 456 valere

82 493 357 546 ordinibus
386 493 557 559 legem
590 493 741 542 nullo
773 494 935 543 modo
963 494 1145 562 negari
1172 501 1361 562 potest.

243 576 515 628 Omnibus
550 575 712 644 igitur
740 575 1078 628 insectorum
1117 575 1400 626 ordinibus
1437 569 1656 623 eaedem
1705 567 1814 619 oris

76 669 276 731 partes,
299 660 513 712 diverso
542 670 751 712 lantum
783 661 948 712 modo
973 660 1258 724 formatae,
1279 660 1400 729 jure
1425 655 1817 709 attribuuntur.
1859 661 1862 666 “
1885 723 1890 730 .

856 829 904 896 g.
964 829 1037 883 v.

604 942 884 998 Organa
946 958 1301 985 sensuum.

245 1049 400 1100 Haec
448 1066 653 1117 organa
705 1047 918 1118 saepius
977 1048 1188 1100 occulta
1240 1045 1474 1097 necdum
1530 1039 1820 1092 observata

80 1142 206 1184 sunt
262 1133 474 1196 omnia;
535 1133 677 1184 oculi
728 1133 827 1183 soli
885 1121 1238 1202 nunqi.÷an1²¹)
1299 1130 1482 1180 deesse
1535 1125 1818 1189 videnturJ,

80 1234 313 1286 quorum
357 1227 629 1267 structura
670 1216 898 1286 duplex:

245 1300 448 1351 Oculi
487 1318 674 1368 comp
694 1301 884 1359 ositi‚
930 1299 994 1349 ad
1033 1298 1217 1366 capitis
1242 1298 1380 1348 latus
1407 1292 1518 1354 siti,
1563 1304 1819 1340 commu-

81 1404 205 1435 nem
243 1383 446 1434 habent
476 1403 761 1444 corneam,
827 1383 1022 1434 areolis
1057 1377 1487 1450 hexagonalibus
1520 1369 1819 1425 multifarie

77 1468 348 1537 partitam.
438 1467 645 1535 Cuique
669 1467 1082 1536 hexagonorum
1109 1484 1278 1516 conus
1306 1459 1654 1532 crystallinus
1689 1452 1818 1504 affi-

79 1552 248 1620 gitur,
306 1552 370 1601 ad
403 1536 568 1619 quem
593 1552 745 1603 nervi
788 1551 948 1620 optici
973 1550 1180 1620 globosi
1216 1566 1403 1599 ramus
1439 1539 1818 1595 subtilissimus

81 1636 354 1687 emittitur.
439 1634 508 1685 Hi
540 1635 659 1685 coni
687 1647 847 1705 atque
873 1636 1012 1686 rami
1035 1632 1328 1685 substantia
1351 1629 1644 1700 gelatinosa
1662 1662 1676 1686 ,
1731 1620 1819 1673 ni·-

80 1737 177 1788 gra
203 1720 291 1770 vel
311 1718 498 1781 rubra,
536 1738 751 1788 semper
776 1719 1025 1783 obscura,
1048 1735 1217 1786 opaca
1237 1716 1616 1770 involvuntur,
1657 1706 1728 1758 ita
1756 1714 1819 1756 ut

83 1804 335 1872 quodque
358 1802 770 1870 hexagonorum
799 1821 899 1872 pro
925 1802 1189 1873 peculiari
1215 1798 1530 1851 habendum
1550 1795 1614 1845 sit
1638 1789 1819 1841 oculo.

249 1886 451 1938 Oculi
503 1885 859 1956 simplices
909 1907 949 1938 s.
1003 1895 1317 1946 stemmata,
1383 1881 1438 1933 in
1479 1877 1680 1932 vertice
1717 1873 1820 1937 siti,

80 1971 185 2021 alio
211 1970 372 2020 modo
401 1971 697 2038 comparati
721 1983 862 2023 sunt.
946 1972 1170 2022 Habent
1192 1969 1366 2031 enim,
1418 1982 1575 2018 more
1604 1958 1821 2012 anima-

81 2054 214 2106 lium
244 2053 682 2105 vertebratorum
700 2091 712 2112 ‚
768 2073 1023 2106 corneam
1048 2053 1380 2121 simplicem,
1428 2050 1629 2101 lentem
1654 2053 1817 2112 atque

84 2157 283 2207 corpus
322 2138 583 2196 vitreum,
638 2139 725 2191 cui
760 2140 934 2191 retina
969 2139 1083 2191 sive
1114 2137 1294 2208 potius
1330 2135 1488 2187 nervi
1525 2127 1688 2200 optici
1723 2144 1820 2178 ra-

83 2241 207 2274 mus
244 2212 574 2272 adnexus.²²)

249 2306 402 2356 Haec
439 2323 568 2356 vero
598 2323 773 2374 paene
809 2304 992 2356 omnia
1022 2315 1176 2368 sunt⁷
1223 2321 1361 2373 quae
1387 2301 1452 2351 de
1475 2301 1819 2351 lnsectorum

85 2388 296 2458 organis
322 2407 580 2440 sensuum
605 2399 751 2441 certo
779 2391 996 2445 scimus.
1059 2390 1157 2441 De
1198 2386 1433 2438 auditu
1470 2382 1629 2434 multi
1661 2377 1820 2429 locu-

90 2475 128 2525 ti
168 2484 292 2524 suut
329 2483 574 2536 autores,
618 2473 710 2524 sed
736 2474 951 2524 nullum
976 2473 1151 2524 adhuc
1180 2488 1448 2541 organum
1476 2468 1821 2518 demonstra-

88 2568 312 2614 verunt,
358 2557 500 2625 quod
531 2576 661 2608 vero
695 2557 747 2607 in
791 2557 905 2610 basi
939 2570 1299 2609 antennarum
1327 2573 1439 2606 esse
1464 2552 1624 2605 situm
1650 2549 1819 2599 TRE-

88 2656 354 2693 'leANUS
372 2631 427 2674 ²3)
461 2652 617 2709 atque
641 2642 845 2693 CARUS
862 2632 930 2676 ²4)
971 2641 1212 2712 probare
1237 2637 1448 2707 experti
1475 2647 1614 2687 sunt.
1666 2631 1827 2683 Idem*

90 2725 153 2775 de
193 2724 459 2777 olfactu
500 2725 670 2792 Valet3
698 2735 748 2777 et
774 2737 1040 2778 antennae
1062 2744 1163 2796 pro
1189 2723 1420 2774 olfactus
1446 2715 1818 2772 instrumentis

90 2808 363 2860 habentur
382 2847 395 2874 ,
434 2808 542 2874 sed,
588 2820 648 2862 ut
672 2809 805 2861 mihi
832 2811 1051 2881 quidem
1082 2809 1315 2874 videtur,
1344 2804 1648 2865 immeritO,
1689 2817 1821 2851 nam

143 2984 221 3035 21)
255 2983 462 3023 Formicis
489 2984 747 3037 quibusdam
773 2986 983 3041 exceptis.
1041 2983 1168 3026 Conf.
1192 2985 1274 3025 Fn.
1297 2985 1429 3024 limfa
1454 2997 1572 3037 spec.
1595 2977 1821 3020 Entomol.

202 3041 357 3078 Brasil.
387 3042 431 3078 in
458 3041 559 3080 Act.
586 3056 675 3082 soc.
704 3053 794 3082 nat.
823 3059 910 3083 cur.
937 3041 1060 3083 Caes.
1088 3042 1227 3097 Leop.
1262 3043 1391 3082 Toni.
1414 3041 1516 3081 XII.

148 3108 224 3161 2⁶2)
259 3108 385 3149 Conf.
424 3111 657 3151 Jonmcmzs
685 3113 879 3152 ‘Merme
897 3144 908 3165 ,
942 3112 996 3153 de
1026 3113 1295 3153 Insectorum
1318 3113 1454 3153 oculis
1478 3110 1524 3150 in
1557 3121 1690 3164 opere
1715 3119 1792 3146 suo
1810 3118 1823 3145 :

204 3167 296 3205 Zur
334 3167 612 3220 Physiologie
640 3168 716 3208 der
738 3170 1085 3222 Sinuesorgane,
1132 3171 1285 3224 Leipz.
1306 3166 1403 3210 8⁴24.
1451 3168 1493 3208 8.
1553 3167 1608 3204 Et
1641 3163 1758 3203 idem
1776 3162 1824 3201 ill

203 3223 435 3262 MEmcEL's
462 3224 628 3264 Archiv
646 3226 715 3265 sur
739 3228 872 3266 Anat.
898 3227 988 3265 und
1012 3227 1206 3281 Physiol.
1232 3224 1328 3266 829.
1360 3226 1463 3265 fasc.
1490 3225 1521 3263 Ι.
1547 3231 1588 3261 ct
1610 3223 1661 3260 11.

149 3290 229 3343 23)
262 3293 466 3332 Annalen
491 3292 568 3333 der
588 3295 961 3340 VVetterauschen
984 3296 1288 3339 Gesellschaft.
1326 3295 1432 3338 Vol.
1457 3296 1496 3337 1.
1523 3293 1629 3334 fasc.
1651 3292 1693 3330 2.

148 3358 228 3414 24)
258 3363 306 3402 In
330 3362 567 3415 zootomia,
602 3381 703 3419 pag.
733 3365 803 3410 65.
