2069 3697
567 762 1340 823 ENTRGDUG'HQ.

882 938 927 1004 ς.
988 941 1028 990 I.

86 1058 496 1164 Quaecunque
540 1089 794 1142 animalia
835 1088 1064 1159 pedibus
1097 1108 1194 1140 sex
1227 1090 1635 1159 ingrediuntur,
1692 1093 1825 1147 duas

82 1187 279 1246 gerunt
303 1187 563 1227 antennas
595 1186 756 1245 atque
779 1173 1011 1226 tracheis
1036 1172 1284 1242 spiritum
1315 1175 1547 1236 ducunt,
1589 1176 1670 1228 his
1694 1179 1821 1230 solis

82 1263 522 1314 Insectorum
570 1278 770 1310 nornen
813 1259 960 1327 jure,
1011 1259 1319 1326 meritoque
1360 1259 1626 1311 vindicari
1661 1279 1820 1330 posse

83 1362 295 1395 censeO.
359 1340 496 1394 Aliis
521 1343 622 1393 alia
647 1343 812 1393 notio.
896 1343 1217 1393 LINNAEUS
1235 1332 1267 1375 ³)
1312 1361 1380 1393 ex
1406 1362 1503 1394 sua
1532 1344 1698 1411 ipsius
1724 1345 1819 1397 de-

83 1427 328 1478 finitione
372 1426 555 1475 onmia
598 1425 876 1488 animalia,
935 1443 1074 1494 quae
1115 1443 1209 1475 cor
1231 1425 1433 1478 habent
1475 1428 1817 1481 unilocuiare

79 1521 241 1580 atque
267 1520 528 1560 antennas
558 1510 885 1574 articulatas,
908 1508 1013 1559 hoc
1035 1508 1258 1560 nomine
1293 1511 1601 1579 conjunxit3
1647 1520 1814 1581 quam

82 1594 451 1646 definitionem
485 1593 644 1644 nimis
682 1613 796 1644 esse
829 1605 1106 1644 extensam
1139 1594 1250 1661 jam
1284 1595 1409 1645 satis
1434 1595 1816 1664 probaverunt

82 1690 300 1729 autores
326 1678 636 1746 complures
655 1716 669 1740 ,
726 1678 1028 1746 meliusque
1064 1677 1318 1728 animalia
1352 1679 1442 1730 illa
1465 1690 1587 1731 cute
1612 1699 1815 1734 cornea.

79 1775 242 1831 atque
277 1762 551 1823 calcarea,
603 1760 829 1831 pedibus
865 1761 1224 1830 antennisque
1261 1762 1553 1814 articulatis
1582 1764 1814 1818 describi

79 1844 407 1897 contendere
432 1845 623 1895 audeo.
682 1847 755 1897 Et
779 1847 1112 1896 FABRICIUS
1130 1835 1168 1879 ²)
1205 1846 1439 1914 quidem,
1476 1866 1814 1918 quamquam

79 1931 444 1991 LINNAEUM,
487 1929 629 1996 quod
666 1929 731 1978 ad
775 1929 955 1979 classis
999 1929 1415 1997 amplitudinem
1453 1932 1679 1998 attinet,
1725 1953 1815 1986 se-

81 2025 237 2065 cutus
263 2022 366 2074 est,
419 2021 603 2063 tamen
638 2012 1005 2063 definitionem
1045 2015 1155 2080 ejus
1180 2015 1498 2065 mutandam
1538 2035 1654 2067 esse
1684 2036 1815 2087 per-

78 2114 298 2149 suasum
319 2094 523 2146 habuit.
569 2096 671 2146 Sed
694 2095 1263 2165 jam'ARISTOTELES
1289 2100 1496 2150 Insecta
1517 2100 1652 2151 LIN.
1677 2101 1817 2153 dua-

81 2180 184 2232 bus
208 2181 522 2248 sejunxerat
538 2179 812 2242 classibus,
844 2198 976 2247 quas
996 2173 1432 2254 Μαλακέστρακα
1460 2176 1816 2252 atque''Ev7·o-

77 2286 154 2334 μα
183 2263 407 2314 dicebat.
448 2264 609 2313 Hanc
634 2263 953 2316 divisionem
970 2256 1262 2331 CUVIER3>
1288 2268 1584 2331 revocavit,
1600 2268 1815 2338 illisque

82 2350 168 2399 Cr
185 2366 256 2397 us
274 2358 333 2397 ta
351 2365 420 2396 ce
446 2364 518 2396 or
538 2366 639 2399 um
658 2385 672 2410 ,
723 2347 803 2397 his
843 2350 915 2399 In
932 2367 998 2398 se
1016 2367 1043 2398 c
1062 2356 1284 2400 torum
1325 2369 1526 2401 nomen
1553 2352 1814 2406 attribuit.

78 2432 326 2483 Naturae
353 2430 594 2482 maxime
627 2431 1043 2483 convenientem
1075 2451 1191 2483 esse
1214 2431 1358 2485 hanc
1395 2433 1812 2503 disjunctionem

131 2646 178 2698 1)
213 2642 261 2686 C.
290 2659 317 2682 A
365 2643 511 2683 LINNF.
544 2653 735 2701 systema
775 2655 957 2689 naturae
1002 2662 1082 2703 per
1121 2648 1205 2688 tria
1238 2661 1398 2701 regna,
1446 2657 1529 2690 etc.
1596 2649 1680 2691 Ed.
1710 2652 1814 2693 XII.

186 2710 292 2740 tom.
318 2702 356 2738 1.
402 2715 500 2754 pag.

130 2771 179 2823 2)
215 2771 252 2810 J.
305 2768 353 2810 C.
408 2770 620 2811 FABRICII
672 2772 967 2830 entomologia
1008 2775 1325 2829 systematica,
1387 2775 1561 2818 emend.
1605 2786 1648 2818 et
1699 2788 1814 2820 auct.

188 2828 317 2866 Tom.
341 2827 372 2864 I.
415 2841 514 2880 pars
542 2830 579 2867 1.
622 2843 723 2884 pag.
751 2831 789 2868 1.

130 2894 388 2951 3)ch131‘²
431 2897 581 2952 leeons
627 2898 891 2938 d'anatomie
929 2897 1176 2954 compare‘e.
1234 2901 1354 2942 Paris
1386 2901 1484 2942 799.
1536 2902 1578 2943 8.
1619 2903 1725 2960 [ες.
1760 2907 1813 2946 ΙΙ.

189 2968 283 3007 cap.
319 2953 358 2993 5.
421 2953 514 2993 Hoc
547 2956 593 2992 in
626 2954 724 2994 Ioco
764 2958 949 3008 primum
982 2956 1034 2994 ab
1069 2956 1249 2997 insectis
1284 2956 1517 2999 Crustacea
1558 2964 1815 3015 segregavit,

188 3025 286 3049 cum
311 3020 439 3050 antea
478 3008 699 3057 (Tableau
723 3010 1003 3051 elementaire
1020 3043 1032 3062 ,
1063 3012 1185 3064 798.)
1227 3013 1379 3055 decem
1401 3017 1669 3056 Insectorum
1691 3017 1816 3058 ordi-

185 3081 263 3105 nes
309 3066 557 3118 admiserit,
610 3082 793 3120 quorum
831 3070 1024 3123 primus,
1085 3069 1278 3122 Aptera,
1331 3071 1567 3113 Crustacea
1602 3075 1813 3114 continet.

184 3122 320 3161 Panto
349 3133 475 3163 antea
500 3123 766 3163 LATREILLE
801 3122 971 3175 (Pre‘cis
998 3124 1072 3164 des
1099 3126 1287 3166 charact.
1315 3127 1508 3181 gener-iq.
1551 3129 1669 3168 Briv-
1689 3128 1817 3182 796.)

185 3180 515 3230 quatuordecim
539 3180 713 3218 ordines
737 3190 1048 3234 proposuerat,
1090 3181 1259 3234 Aptera
1280 3184 1378 3223 Lm.
1410 3187 1456 3223 in
1495 3194 1662 3237 septem
1698 3184 1818 3225 divi-

185 3236 292 3273 dens
319 3246 490 3289 partes:
532 3235 757 3286 Suetoria,
802 3237 1088 3292 Thysanura,
1128 3238 1338 3291 Parasiti,
1382 3240 1636 3296 Acephala,
1671 3241 1816 3284 Emo-

186 3299 397 3331 mostraca
415 3323 426 3344 ,
468 3290 700 3333 Crustacea
724 3300 766 3333 et
790 3292 1096 3348 Myr-iapodes.
1122 3309 1178 3318 -<·

1504 3369 1541 3420 1*
