2069 3697
869 160 1446 219 *34*-

291 321 458 377 modo
492 332 544 375 et
572 321 686 374 alas
719 320 1066 391 complicant.
1149 319 1444 374 Antennae
1486 339 1703 391 semper
1734 318 2021 375 filiformes

291 407 408 460 sive
430 417 688 469 setaceae‚
714 422 996 474 nunquam
1019 403 1243 467 fractae,
1280 405 1495 474 saepius
1517 406 1888 474 longissimae3
1924 424 2024 474 pe-

293 491 385 542 des
408 489 733 561 posteriores
765 488 821 539 in
842 487 1092 557 pluribus
1116 488 1376 557 elongati,
1426 489 1491 538 ad
1525 490 1827 541 saliendum
1851 489 2025 552 utiles,

289 574 612 646 praesertim
634 572 691 624 in
714 569 1148 637 Acridioidibus‚
1185 572 1516 625 Locustariis
1544 584 1595 624 et
1627 573 2021 643 Grylloidibus.

458 655 805 726 Organisatio
828 656 1040 707 interna
1063 655 1304 706 maxime
1326 656 1592 724 congruit.
1668 656 2025 727 Oesophagus

288 740 769 810 amplificationem
808 737 962 799 facit,
1023 739 1320 807 ingluviem
1367 739 1593 802 dictam,
1658 751 1820 809 atque
1855 741 2024 810 paulo

286 834 409 895 post
435 824 490 874 in
515 823 858 876 stomachum
886 823 1147 892 plicatum
1174 823 1382 882 transit,
1407 824 1494 873 cui
1517 823 1841 892 appendices
1865 842 2026 892 quae-

288 907 411 959 dam
449 905 831 960 Vermiformes
870 905 1073 957 affixae
1106 918 1248 958 sunt.
1334 908 1483 959 Tum
1508 926 1683 958 novus
1713 907 2024 959 stomachus

290 991 599 1060 elongatus,
655 989 987 1061 cylindricus
1024 1010 1092 1042 ex
1126 992 1220 1042 illo
1258 991 1434 1042 existit
1465 991 1688 1059 plicam,
1745 990 1896 1041 cuius
1923 990 2021 1041 fini

287 1092 421 1128 vasa
456 1073 670 1126 bilifera
694 1074 965 1144 plurima,
1026 1075 1324 1126 tenerrima
1346 1113 1359 1138 ‚
1411 1075 1564 1142 apice
1597 1075 1778 1125 clausa
1816 1074 2022 1125 adhae-

284 1168 426 1211 rent.
508 1158 668 1210 Ilium
696 1158 862 1227 paulo
886 1160 1162 1227 angustius
1186 1176 1247 1208 ac
1274 1158 1368 1211 vix
1389 1158 1600 1227 longius
1624 1168 1742 1209 tum
1763 1158 2023 1226 sequitur,

288 1240 433 1312 quod
470 1240 527 1291 in
564 1242 752 1305 colon,
801 1242 971 1292 breve
995 1243 1272 1312 amplum,
1300 1258 1569 1292 ‘crassum
1593 1242 1854 1311 plicatum
1892 1241 2018 1293 abit.

285 1327 352 1379 In
373 1324 654 1377 stomacho
679 1325 773 1376 illo
794 1326 992 1394 prium,
1033 1327 1230 1396 plicato
1254 1327 1467 1395 saepius
1490 1327 1542 1376 in
1553 1326 1699 1392 venis
1726 1325 1877 1377 strias
1899 1326 2018 1376 lon-

284 1408 621 1478 gitudinales‚
664 1411 1052 1477 prominentes,
1095 1410 1484 1478 cartilaginem,
1523 1409 1717 1478 quibus
1743 1410 1807 1459 ad
1833 1420 2018 1461 teren-

291 1492 387 1544 dos
417 1492 564 1543 cibos
588 1491 822 1544 fortasse
849 1494 1019 1545 utitur
1043 1495 1328 1545 insectum.
1418 1493 1729 1544 Glandulae
1764 1494 2016 1545 salivales

283 1576 342 1628 in
379 1575 701 1644 quibusdam
746 1596 791 1627 e.
829 1594 878 1645 g.
930 1579 1167 1628 Locusta
1214 1576 1564 1635 viridissima,
1616 1588 1778 1645 atque
1815 1577 2014 1648 Gryllo

282 1677 471 1730 grosso
496 1659 694 1728 reperi.
741 1683 822 1695 --·
887 1660 1154 1712 Genita-lia
1187 1671 1238 1712 et
1270 1661 1326 1711 in
1358 1659 1462 1710 hoc
1503 1660 1694 1710 ordine
1729 1679 1885 1710 more
1922 1661 2015 1711 illo

283 1752 543 1795 consueto
582 1741 821 1794 formata,
859 1755 1001 1795 sunt.
1124 1743 1333 1795 Ovaria
1377 1744 1591 1811 digitata
1627 1744 1740 1795 sive
1777 1744 2018 1811 pinnata,

283 1824 676 1880 moniliformia
714 1826 769 1877 in
794 1837 1012 1879 uterum
1036 1837 1281 1891 tenuem,
1334 1827 1697 1896 cylindricum
1720 1838 2020 1895 transeunt,

289 1909 375 1961 cui
402 1909 585 1960 bullae
617 1910 742 1960 illae
777 1911 1157 1980 appendicaies
1190 1911 1517 1976 adhaerent3
1570 1912 1869 1961 masculina
1901 1931 2019 1964 sae-

282 1994 405 2065 pius
432 2003 588 2045 testes
611 1994 907 2059 maximos,
951 1996 1041 2063 qui
1067 1995 1244 2047 statim
1275 1996 1328 2045 in
1357 1996 1580 2046 ductum
1607 1995 2019 2047 eiaculatorium

282 2077 511 2129 brevem
531 2087 842 2143 transeunt,
895 2079 1220 2147 quibuscum
1262 2079 1474 2129 canales
1515 2079 1893 2147 appendicales
1924 2098 2020 2130 co·-

281 2160 537 2223 haerent‚
591 2159 857 2212 referunt.

450 2243 538 2294 De
572 2242 834 2296 affinitate
873 2244 1074 2296 ordinis
1124 2244 1351 2297 huiusce
1407 2263 1530 2296 cum
1576 2245 1798 2314 reliquis
1841 2265 2018 2316 pauca

283 2336 498 2378 tantum
536 2326 760 2378 dicenda
787 2340 928 2380 sunt.
1025 2331 1261 2398 Propter
1298 2329 1763 2398 metamorphosin
1801 2331 2011 2382 incom-

281 2410 486 2479 pletam
512 2421 673 2479 atque
696 2411 812 2462 tubi
848 2413 1159 2464 intestinalis
1196 2424 1525 2464 structuram
1561 2432 1686 2463 cum
1723 2413 2015 2484 Dictyoto-

282 2493 477 2562 pteris,
534 2505 760 2564 propter
802 2497 1012 2547 alarum
1038 2498 1197 2548 situm
1225 2498 1607 2566 complicatum
1641 2515 1765 2547 cum
1792 2500 2017 2548 Neuro-

280 2576 449 2646 pteris
479 2578 819 2646 quibusdam,
860 2599 905 2630 e.
923 2599 972 2649 g.
996 2581 1512 2650 Phiyganeoidibus,
1553 2591 1603 2630 et
1622 2591 1790 2631 totam
1815 2600 2016 2651 corpo-

283 2659 358 2710 ris
382 2659 621 2714 formam
644 2663 947 2715 Mantoides
972 2683 1096 2715 cum
1126 2684 1324 2733 genere
1353 2664 1625 2732 Mantispa
1660 2664 1884 2715 huiusce
1918 2685 2013 2716 or-

284 2742 450 2803 dinis,
505 2744 574 2794 ob
600 2746 707 2796 oris
729 2748 969 2814 partium
1004 2750 1373 2801 evolutionem
1397 2749 1698 2799 maximam
1739 2767 1864 2801 cum
1903 2750 2014 2800 Co-

283 2825 542 2895 leopteris
567 2828 876 2882 cohaerent.
973 2830 1277 2902 Analogiae
1304 2851 1431 2883 cum
1454 2833 1885 2902 Hymenopteris
1911 2832 2012 2883 ob-

281 2910 492 2962 scurius
519 2910 784 2966 indicatae
810 2915 920 2967 iam
947 2917 1280 2969 mentionem
1306 2915 1429 2967 feci.

1021 3042 1067 3110 g.
1109 3042 1261 3095 XXI.

777 3129 1262 3187 Coleopterorum
1305 3133 1519 3174 tabula.

447 3215 537 3272 Ad
576 3220 832 3273 ultimum
873 3222 1093 3274 tandem
1129 3224 1422 3276 transimus
1466 3227 1804 3277 Insectorum
1868 3221 2017 3273 ordir-

280 3318 436 3369 nem,
481 3305 741 3358 ·1naxi1ne
777 3306 1093 3382 evolutum,
1154 3307 1688 3375 numerosissimum,
1745 3307 2015 3360 multoties
