<?xml version="1.0" encoding="UTF-8"?>
<!DOCTYPE html PUBLIC "-//W3C//DTD XHTML 1.0 Transitional//EN"
    "http://www.w3.org/TR/xhtml1/DTD/xhtml1-transitional.dtd">
<html xmlns="http://www.w3.org/1999/xhtml" xml:lang="en" lang="en">
 <head>
  <title>
</title>
<meta http-equiv="Content-Type" content="text/html;charset=utf-8" />
  <meta name='ocr-system' content='tesseract 3.04.00' />
  <meta name='ocr-capabilities' content='ocr_page ocr_carea ocr_par ocr_line ocrx_word'/>
</head>
<body>
  <div class='ocr_page' id='page_1' title='image "./deinsectorumsyst00burm_0018.png"; bbox 0 0 2069 3697; ppageno 0'>
   <div class='ocr_carea' id='block_1_1' title="bbox 819 123 1397 178">
    <p class='ocr_par' dir='ltr' id='par_1_1' title="bbox 819 123 1397 178">
     <span class='ocr_line' id='line_1_1' title="bbox 819 123 1397 178; baseline 0.005 -13"><span class='ocrx_word' id='word_1_1' title='bbox 819 123 1397 178; x_wconf 48' lang='lat'><strong>*12*-</strong></span> 
     </span>
    </p>
   </div>
   <div class='ocr_carea' id='block_1_2' title="bbox 984 281 1237 347">
    <p class='ocr_par' dir='ltr' id='par_1_2' title="bbox 984 281 1237 347">
     <span class='ocr_line' id='line_1_2' title="bbox 984 281 1237 347; baseline 0.004 -15"><span class='ocrx_word' id='word_1_2' title='bbox 984 281 1031 347; x_wconf 77' lang='lat'><strong>§.</strong></span> <span class='ocrx_word' id='word_1_3' title='bbox 1087 282 1237 335; x_wconf 74' lang='lat' dir='ltr'><strong>Vm.</strong></span> 
     </span>
    </p>
   </div>
   <div class='ocr_carea' id='block_1_3' title="bbox 639 396 1591 451">
    <p class='ocr_par' dir='ltr' id='par_1_3' title="bbox 639 396 1591 451">
     <span class='ocr_line' id='line_1_3' title="bbox 639 396 1591 451; baseline 0.003 -15"><span class='ocrx_word' id='word_1_4' title='bbox 639 396 1316 451; x_wconf 64' lang='lat' dir='ltr'><strong>BIetamorphoseos</strong></span> <span class='ocrx_word' id='word_1_5' title='bbox 1372 401 1591 440; x_wconf 80' lang='lat' dir='ltr'><strong>ratio.</strong></span> 
     </span>
    </p>
   </div>
   <div class='ocr_carea' id='block_1_4' title="bbox 238 502 1983 1246">
    <p class='ocr_par' dir='ltr' id='par_1_4' title="bbox 238 502 1983 1246">
     <span class='ocr_line' id='line_1_4' title="bbox 412 502 1982 570; baseline 0 -14"><span class='ocrx_word' id='word_1_6' title='bbox 412 503 650 557; x_wconf 72' lang='lat' dir='ltr'><strong>Nullum</strong></span> <span class='ocrx_word' id='word_1_7' title='bbox 687 502 743 552; x_wconf 86' lang='lat' dir='ltr'><strong>in</strong></span> <span class='ocrx_word' id='word_1_8' title='bbox 778 511 918 552; x_wconf 87' lang='lat' dir='ltr'><strong>statu</strong></span> <span class='ocrx_word' id='word_1_9' title='bbox 951 502 1197 570; x_wconf 78' lang='lat' dir='ltr'><strong>perfecto</strong></span> <span class='ocrx_word' id='word_1_10' title='bbox 1222 503 1460 555; x_wconf 82' lang='lat' dir='ltr'><strong>nascitur</strong></span> <span class='ocrx_word' id='word_1_11' title='bbox 1486 503 1718 568; x_wconf 80' lang='lat' dir='ltr'><strong>animal,</strong></span> <span class='ocrx_word' id='word_1_12' title='bbox 1777 524 1982 557; x_wconf 78' lang='lat' dir='ltr'><strong>uuum-</strong></span> 
     </span>
     <span class='ocr_line' id='line_1_5' title="bbox 246 584 1983 660; baseline -0.001 -20"><span class='ocrx_word' id='word_1_13' title='bbox 246 588 502 660; x_wconf 78' lang='lat' dir='ltr'>quodque</span> <span class='ocrx_word' id='word_1_14' title='bbox 528 596 756 637; x_wconf 80' lang='lat' dir='ltr'><strong>aetatem</strong></span> <span class='ocrx_word' id='word_1_15' title='bbox 780 584 940 637; x_wconf 78' lang='lat' dir='ltr'><strong>habet</strong></span> <span class='ocrx_word' id='word_1_16' title='bbox 962 586 1257 653; x_wconf 76' lang='lat' dir='ltr'><strong>juvenilem</strong></span> <span class='ocrx_word' id='word_1_17' title='bbox 1274 626 1287 650; x_wconf 81' lang='grc'>,</span> <span class='ocrx_word' id='word_1_18' title='bbox 1327 588 1380 638; x_wconf 86' lang='lat' dir='ltr'><strong>in</strong></span> <span class='ocrx_word' id='word_1_19' title='bbox 1411 606 1513 656; x_wconf 83' lang='lat' dir='ltr'><strong>qua</strong></span> <span class='ocrx_word' id='word_1_20' title='bbox 1535 591 1871 658; x_wconf 74' lang='lat' dir='ltr'><strong>propagandi</strong></span> <span class='ocrx_word' id='word_1_21' title='bbox 1896 590 1983 640; x_wconf 84' lang='lat' dir='ltr'><strong>fa-</strong></span> 
     </span>
     <span class='ocr_line' id='line_1_6' title="bbox 247 671 1982 740; baseline -0.001 -15"><span class='ocrx_word' id='word_1_22' title='bbox 247 674 420 726; x_wconf 80' lang='lat' dir='ltr'>cultas</span> <span class='ocrx_word' id='word_1_23' title='bbox 457 671 505 722; x_wconf 86' lang='lat' dir='ltr'><strong>ei</strong></span> <span class='ocrx_word' id='word_1_24' title='bbox 541 671 755 721; x_wconf 78' lang='lat' dir='ltr'><strong>ademta</strong></span> <span class='ocrx_word' id='word_1_25' title='bbox 789 679 882 721; x_wconf 81' lang='lat' dir='ltr'><strong>est.</strong></span> <span class='ocrx_word' id='word_1_26' title='bbox 966 671 1176 721; x_wconf 69' lang='lat' dir='ltr'><strong>Insecta</strong></span> <span class='ocrx_word' id='word_1_27' title='bbox 1201 689 1418 740; x_wconf 79' lang='lat' dir='ltr'><strong>quoque</strong></span> <span class='ocrx_word' id='word_1_28' title='bbox 1453 671 1600 722; x_wconf 82' lang='lat' dir='ltr'><strong>haud</strong></span> <span class='ocrx_word' id='word_1_29' title='bbox 1626 672 1692 722; x_wconf 86' lang='lat' dir='ltr'><strong>ab</strong></span> <span class='ocrx_word' id='word_1_30' title='bbox 1725 674 1816 723; x_wconf 73' lang='lat' dir='ltr'><strong>illa</strong></span> <span class='ocrx_word' id='word_1_31' title='bbox 1843 673 1982 724; x_wconf 81' lang='lat' dir='ltr'><strong>libe-</strong></span> 
     </span>
     <span class='ocr_line' id='line_1_7' title="bbox 242 752 1978 825; baseline -0.002 -14"><span class='ocrx_word' id='word_1_32' title='bbox 242 768 365 811; x_wconf 82' lang='lat' dir='ltr'><strong>rata</strong></span> <span class='ocrx_word' id='word_1_33' title='bbox 400 775 512 808; x_wconf 86' lang='lat' dir='ltr'><strong>esse</strong></span> <span class='ocrx_word' id='word_1_34' title='bbox 544 755 688 823; x_wconf 78' lang='lat' dir='ltr'><strong>lege,</strong></span> <span class='ocrx_word' id='word_1_35' title='bbox 761 752 853 804; x_wconf 87' lang='lat' dir='ltr'><strong>sed</strong></span> <span class='ocrx_word' id='word_1_36' title='bbox 905 754 1085 804; x_wconf 81' lang='lat' dir='ltr'><strong>varias</strong></span> <span class='ocrx_word' id='word_1_37' title='bbox 1130 753 1314 804; x_wconf 76' lang='lat' dir='ltr'><strong>subire</strong></span> <span class='ocrx_word' id='word_1_38' title='bbox 1345 754 1582 818; x_wconf 82' lang='lat' dir='ltr'><strong>formas,</strong></span> <span class='ocrx_word' id='word_1_39' title='bbox 1658 757 1978 825; x_wconf 72' lang='lat' dir='ltr'>priusquam</span> 
     </span>
     <span class='ocr_line' id='line_1_8' title="bbox 243 836 1979 909; baseline 0.001 -18"><span class='ocrx_word' id='word_1_40' title='bbox 243 853 383 895; x_wconf 85' lang='lat' dir='ltr'><strong>statu</strong></span> <span class='ocrx_word' id='word_1_41' title='bbox 421 839 692 909; x_wconf 81' lang='lat' dir='ltr'><strong>gaudeant</strong></span> <span class='ocrx_word' id='word_1_42' title='bbox 726 836 1000 907; x_wconf 75' lang='lat' dir='ltr'><strong>perfecto,</strong></span> <span class='ocrx_word' id='word_1_43' title='bbox 1076 837 1129 888; x_wconf 88' lang='lat' dir='ltr'><strong>in</strong></span> <span class='ocrx_word' id='word_1_44' title='bbox 1180 838 1241 889; x_wconf 88' lang='lat' dir='ltr'><strong>iis</strong></span> <span class='ocrx_word' id='word_1_45' title='bbox 1278 837 1564 890; x_wconf 77' lang='lat' dir='ltr'><strong>manifeste</strong></span> <span class='ocrx_word' id='word_1_46' title='bbox 1598 850 1756 907; x_wconf 75' lang='lat' dir='ltr'><strong>atque</strong></span> <span class='ocrx_word' id='word_1_47' title='bbox 1793 853 1979 909; x_wconf 75' lang='lat' dir='ltr'><strong>aperte</strong></span> 
     </span>
     <span class='ocr_line' id='line_1_9' title="bbox 241 922 1979 991; baseline -0.001 -14"><span class='ocrx_word' id='word_1_48' title='bbox 241 925 586 977; x_wconf 81' lang='lat' dir='ltr'><strong>observatur.</strong></span> <span class='ocrx_word' id='word_1_49' title='bbox 676 923 752 974; x_wconf 74' lang='lat' dir='ltr'><strong>Hi</strong></span> <span class='ocrx_word' id='word_1_50' title='bbox 787 940 919 973; x_wconf 76' lang='lat' dir='ltr'><strong>vero</strong></span> <span class='ocrx_word' id='word_1_51' title='bbox 963 922 1285 973; x_wconf 72' lang='lat' dir='ltr'><strong>evolutionis</strong></span> <span class='ocrx_word' id='word_1_52' title='bbox 1317 923 1517 991; x_wconf 77' lang='lat' dir='ltr'><strong>gradus</strong></span> <span class='ocrx_word' id='word_1_53' title='bbox 1561 924 1800 974; x_wconf 74' lang='lat' dir='ltr'><strong>maxime</strong></span> <span class='ocrx_word' id='word_1_54' title='bbox 1839 927 1979 976; x_wconf 81' lang='lat' dir='ltr'><strong>inter</strong></span> 
     </span>
     <span class='ocr_line' id='line_1_10' title="bbox 240 1005 1979 1078; baseline -0.002 -16"><span class='ocrx_word' id='word_1_55' title='bbox 240 1030 298 1062; x_wconf 89' lang='lat' dir='ltr'><strong>se</strong></span> <span class='ocrx_word' id='word_1_56' title='bbox 323 1009 728 1078; x_wconf 66' lang='lat' dir='ltr'><strong>discrepantes,</strong></span> <span class='ocrx_word' id='word_1_57' title='bbox 770 1006 895 1076; x_wconf 87' lang='lat' dir='ltr'><strong>quia</strong></span> <span class='ocrx_word' id='word_1_58' title='bbox 926 1005 1104 1057; x_wconf 86' lang='lat' dir='ltr'><strong>subito</strong></span> <span class='ocrx_word' id='word_1_59' title='bbox 1129 1007 1194 1057; x_wconf 79' lang='lat' dir='ltr'><strong>ad</strong></span> <span class='ocrx_word' id='word_1_60' title='bbox 1224 1007 1467 1058; x_wconf 79' lang='lat' dir='ltr'><strong>divinum</strong></span> <span class='ocrx_word' id='word_1_61' title='bbox 1502 1008 1653 1076; x_wconf 79' lang='lat' dir='ltr'><strong>quasi</strong></span> <span class='ocrx_word' id='word_1_62' title='bbox 1677 1020 1871 1059; x_wconf 76' lang='lat' dir='ltr'><strong>nutum</strong></span> <span class='ocrx_word' id='word_1_63' title='bbox 1910 1027 1979 1060; x_wconf 83' lang='lat' dir='ltr'><strong>ex</strong></span> 
     </span>
     <span class='ocr_line' id='line_1_11' title="bbox 239 1092 1976 1160; baseline -0.001 -14"><span class='ocrx_word' id='word_1_64' title='bbox 239 1113 354 1146; x_wconf 86' lang='lat' dir='ltr'><strong>una</strong></span> <span class='ocrx_word' id='word_1_65' title='bbox 392 1094 447 1145; x_wconf 90' lang='lat' dir='ltr'><strong>in</strong></span> <span class='ocrx_word' id='word_1_66' title='bbox 483 1093 709 1143; x_wconf 85' lang='lat' dir='ltr'><strong>alteram</strong></span> <span class='ocrx_word' id='word_1_67' title='bbox 740 1101 1023 1142; x_wconf 83' lang='lat' dir='ltr'><strong>transeant</strong></span> <span class='ocrx_word' id='word_1_68' title='bbox 1062 1101 1324 1154; x_wconf 75' lang='lat' dir='ltr'><strong>aetatem,</strong></span> <span class='ocrx_word' id='word_1_69' title='bbox 1393 1102 1636 1142; x_wconf 83' lang='lat' dir='ltr'><strong>metam</strong></span> <span class='ocrx_word' id='word_1_70' title='bbox 1657 1092 1976 1160; x_wconf 83' lang='lat' dir='ltr'><strong>orphosis</strong></span> 
     </span>
     <span class='ocr_line' id='line_1_12' title="bbox 238 1174 1980 1246; baseline -0.003 -15"><span class='ocrx_word' id='word_1_71' title='bbox 238 1179 519 1232; x_wconf 86' lang='lat' dir='ltr'><strong>:nominata</strong></span> <span class='ocrx_word' id='word_1_72' title='bbox 546 1188 623 1228; x_wconf 85' lang='lat' dir='ltr'><strong>est</strong></span> <span class='ocrx_word' id='word_1_73' title='bbox 646 1175 780 1226; x_wconf 81' lang='lat' dir='ltr'><strong>haec</strong></span> <span class='ocrx_word' id='word_1_74' title='bbox 807 1174 1061 1227; x_wconf 80' lang='lat' dir='ltr'><strong>evolutio,</strong></span> <span class='ocrx_word' id='word_1_75' title='bbox 1145 1175 1247 1226; x_wconf 78' lang='lat' dir='ltr'><strong>Sed</strong></span> <span class='ocrx_word' id='word_1_76' title='bbox 1277 1185 1328 1227; x_wconf 82' lang='lat' dir='ltr'><strong>et</strong></span> <span class='ocrx_word' id='word_1_77' title='bbox 1348 1174 1853 1246; x_wconf 69' lang='lat' dir='ltr'>metamorphoseos</span> <span class='ocrx_word' id='word_1_78' title='bbox 1890 1195 1980 1228; x_wconf 87' lang='lat' dir='ltr'><strong>ra-</strong></span> 
     </span>
    </p>
   </div>
   <div class='ocr_carea' id='block_1_5' title="bbox 239 1258 1481 1333">
    <p class='ocr_par' dir='ltr' id='par_1_5' title="bbox 239 1258 1481 1333">
     <span class='ocr_line' id='line_1_13' title="bbox 239 1258 1481 1333; baseline -0.005 -17"><span class='ocrx_word' id='word_1_79' title='bbox 239 1263 313 1317; x_wconf 88' lang='lat' dir='ltr'><strong>tio</strong></span> <span class='ocrx_word' id='word_1_80' title='bbox 340 1263 573 1333; x_wconf 76' lang='lat' dir='ltr'><strong>duplex,</strong></span> <span class='ocrx_word' id='word_1_81' title='bbox 616 1260 758 1330; x_wconf 81' lang='lat' dir='ltr'><strong>quod</strong></span> <span class='ocrx_word' id='word_1_82' title='bbox 797 1278 945 1310; x_wconf 81' lang='lat' dir='ltr'><strong>nunc</strong></span> <span class='ocrx_word' id='word_1_83' title='bbox 972 1258 1307 1328; x_wconf 72' lang='lat' dir='ltr'>probaturus</span> <span class='ocrx_word' id='word_1_84' title='bbox 1340 1279 1481 1312; x_wconf 84' lang='lat' dir='ltr'><strong>sum.</strong></span> 
     </span>
    </p>
   </div>
   <div class='ocr_carea' id='block_1_6' title="bbox 226 1357 1978 3384">
    <p class='ocr_par' dir='ltr' id='par_1_6' title="bbox 226 1357 1978 2110">
     <span class='ocr_line' id='line_1_14' title="bbox 406 1357 1978 1427; baseline -0.001 -15"><span class='ocrx_word' id='word_1_85' title='bbox 406 1363 616 1413; x_wconf 82' lang='lat' dir='ltr'><strong>Insecta</strong></span> <span class='ocrx_word' id='word_1_86' title='bbox 655 1358 836 1408; x_wconf 81' lang='lat' dir='ltr'><strong>omnia</strong></span> <span class='ocrx_word' id='word_1_87' title='bbox 873 1375 977 1409; x_wconf 85' lang='lat' dir='ltr'><strong>ova</strong></span> <span class='ocrx_word' id='word_1_88' title='bbox 1012 1375 1207 1426; x_wconf 72' lang='lat' dir='ltr'><strong>parere</strong></span> <span class='ocrx_word' id='word_1_89' title='bbox 1239 1367 1384 1409; x_wconf 84' lang='lat' dir='ltr'><strong>certe</strong></span> <span class='ocrx_word' id='word_1_90' title='bbox 1421 1357 1649 1422; x_wconf 84' lang='lat' dir='ltr'><strong>scimus,</strong></span> <span class='ocrx_word' id='word_1_91' title='bbox 1684 1358 1805 1409; x_wconf 81' lang='lat' dir='ltr'><strong>-sed</strong></span> <span class='ocrx_word' id='word_1_92' title='bbox 1837 1358 1978 1427; x_wconf 80' lang='lat' dir='ltr'><strong>pulli</strong></span> 
     </span>
     <span class='ocr_line' id='line_1_15' title="bbox 237 1442 1974 1513; baseline -0.003 -14"><span class='ocrx_word' id='word_1_93' title='bbox 237 1456 516 1499; x_wconf 79' lang='lat' dir='ltr'><strong>structura</strong></span> <span class='ocrx_word' id='word_1_94' title='bbox 548 1443 769 1513; x_wconf 76' lang='lat' dir='ltr'><strong>duplex.</strong></span> <span class='ocrx_word' id='word_1_95' title='bbox 852 1444 998 1494; x_wconf 77' lang='lat' dir='ltr'><strong>Nam</strong></span> <span class='ocrx_word' id='word_1_96' title='bbox 1035 1442 1089 1492; x_wconf 88' lang='lat' dir='ltr'><strong>in</strong></span> <span class='ocrx_word' id='word_1_97' title='bbox 1125 1442 1490 1511; x_wconf 84' lang='lat' dir='ltr'><strong>Hemipteris‚</strong></span> <span class='ocrx_word' id='word_1_98' title='bbox 1544 1442 1974 1512; x_wconf 77' lang='lat' dir='ltr'><strong>Dietyotopteris</strong></span> 
     </span>
     <span class='ocr_line' id='line_1_16' title="bbox 237 1525 1976 1600; baseline -0.003 -19"><span class='ocrx_word' id='word_1_99' title='bbox 237 1541 399 1600; x_wconf 84' lang='lat' dir='ltr'><strong>atque</strong></span> <span class='ocrx_word' id='word_1_100' title='bbox 436 1528 784 1598; x_wconf 79' lang='lat' dir='ltr'><strong>Orthopteris</strong></span> <span class='ocrx_word' id='word_1_101' title='bbox 821 1526 1024 1577; x_wconf 85' lang='lat' dir='ltr'><strong>animal</strong></span> <span class='ocrx_word' id='word_1_102' title='bbox 1061 1527 1211 1595; x_wconf 87' lang='lat' dir='ltr'><strong>quasi</strong></span> <span class='ocrx_word' id='word_1_103' title='bbox 1242 1525 1549 1596; x_wconf 75' lang='lat' dir='ltr'><strong>perfectum</strong></span> <span class='ocrx_word' id='word_1_104' title='bbox 1576 1526 1664 1589; x_wconf 87' lang='lat' dir='ltr'><strong>iis,</strong></span> <span class='ocrx_word' id='word_1_105' title='bbox 1719 1527 1810 1595; x_wconf 81' lang='lat' dir='ltr'><strong>qui</strong></span> <span class='ocrx_word' id='word_1_106' title='bbox 1849 1545 1976 1596; x_wconf 84' lang='lat' dir='ltr'><strong>spe-</strong></span> 
     </span>
     <span class='ocr_line' id='line_1_17' title="bbox 240 1610 1972 1678; baseline -0.003 -11"><span class='ocrx_word' id='word_1_107' title='bbox 240 1615 379 1666; x_wconf 87' lang='lat' dir='ltr'><strong>ciem</strong></span> <span class='ocrx_word' id='word_1_108' title='bbox 415 1624 700 1665; x_wconf 81' lang='lat' dir='ltr'><strong>externam</strong></span> <span class='ocrx_word' id='word_1_109' title='bbox 739 1610 1051 1678; x_wconf 76' lang='lat' dir='ltr'><strong>dijudicent,</strong></span> <span class='ocrx_word' id='word_1_110' title='bbox 1099 1629 1317 1678; x_wconf 77' lang='lat' dir='ltr'><strong>semper</strong></span> <span class='ocrx_word' id='word_1_111' title='bbox 1353 1629 1487 1662; x_wconf 84' lang='lat' dir='ltr'><strong>vero</strong></span> <span class='ocrx_word' id='word_1_112' title='bbox 1523 1610 1619 1660; x_wconf 79' lang='lat' dir='ltr'><strong>alis</strong></span> <span class='ocrx_word' id='word_1_113' title='bbox 1656 1610 1972 1662; x_wconf 74' lang='lat' dir='ltr'><strong>destitutum</strong></span> 
     </span>
     <span class='ocr_line' id='line_1_18' title="bbox 235 1694 1971 1766; baseline -0.004 -15"><span class='ocrx_word' id='word_1_114' title='bbox 235 1698 380 1751; x_wconf 79' lang='lat' dir='ltr'><strong>exiit.</strong></span> <span class='ocrx_word' id='word_1_115' title='bbox 461 1698 748 1749; x_wconf 81' lang='lat' dir='ltr'><strong>Structura</strong></span> <span class='ocrx_word' id='word_1_116' title='bbox 768 1695 997 1766; x_wconf 76' lang='lat' dir='ltr'><strong>interna,</strong></span> <span class='ocrx_word' id='word_1_117' title='bbox 1039 1694 1361 1763; x_wconf 71' lang='lat' dir='ltr'>genitalibus</span> <span class='ocrx_word' id='word_1_118' title='bbox 1388 1695 1642 1763; x_wconf 81' lang='lat' dir='ltr'><strong>exceptis,</strong></span> <span class='ocrx_word' id='word_1_119' title='bbox 1683 1713 1807 1745; x_wconf 83' lang='lat' dir='ltr'><strong>cum</strong></span> <span class='ocrx_word' id='word_1_120' title='bbox 1833 1695 1971 1745; x_wconf 80' lang='lat' dir='ltr'><strong>ima-</strong></span> 
     </span>
     <span class='ocr_line' id='line_1_19' title="bbox 231 1779 1971 1854; baseline -0.004 -18"><span class='ocrx_word' id='word_1_121' title='bbox 231 1784 356 1854; x_wconf 83' lang='lat' dir='ltr'><strong>gine</strong></span> <span class='ocrx_word' id='word_1_122' title='bbox 387 1782 653 1850; x_wconf 83' lang='lat' dir='ltr'><strong>congruit.</strong></span> <span class='ocrx_word' id='word_1_123' title='bbox 728 1782 1023 1848; x_wconf 80' lang='lat' dir='ltr'><strong>Postquam</strong></span> <span class='ocrx_word' id='word_1_124' title='bbox 1059 1798 1193 1831; x_wconf 86' lang='lat' dir='ltr'><strong>vero</strong></span> <span class='ocrx_word' id='word_1_125' title='bbox 1224 1779 1567 1830; x_wconf 82' lang='lat' dir='ltr'><strong>individuum</strong></span> <span class='ocrx_word' id='word_1_126' title='bbox 1604 1787 1687 1829; x_wconf 88' lang='lat' dir='ltr'><strong>ter</strong></span> <span class='ocrx_word' id='word_1_127' title='bbox 1717 1779 1806 1829; x_wconf 83' lang='lat' dir='ltr'><strong>vel</strong></span> <span class='ocrx_word' id='word_1_128' title='bbox 1833 1797 1971 1848; x_wconf 87' lang='lat' dir='ltr'><strong>qua-</strong></span> 
     </span>
     <span class='ocr_line' id='line_1_20' title="bbox 229 1863 1973 1925; baseline -0.005 -4"><span class='ocrx_word' id='word_1_129' title='bbox 229 1879 314 1921; x_wconf 87' lang='lat' dir='ltr'><strong>ter</strong></span> <span class='ocrx_word' id='word_1_130' title='bbox 340 1879 520 1921; x_wconf 81' lang='lat' dir='ltr'><strong>cutem</strong></span> <span class='ocrx_word' id='word_1_131' title='bbox 550 1864 781 1917; x_wconf 72' lang='lat' dir='ltr'><strong>detraxit</strong></span> <span class='ocrx_word' id='word_1_132' title='bbox 799 1901 813 1925; x_wconf 88' lang='lat'>,</span> <span class='ocrx_word' id='word_1_133' title='bbox 845 1882 991 1915; x_wconf 84' lang='lat' dir='ltr'><strong>nunc</strong></span> <span class='ocrx_word' id='word_1_134' title='bbox 1016 1863 1239 1914; x_wconf 80' lang='lat' dir='ltr'><strong>demum</strong></span> <span class='ocrx_word' id='word_1_135' title='bbox 1263 1863 1571 1915; x_wconf 83' lang='lat' dir='ltr'><strong>rudimenta</strong></span> <span class='ocrx_word' id='word_1_136' title='bbox 1593 1863 1808 1915; x_wconf 87' lang='lat' dir='ltr'><strong>alarum</strong></span> <span class='ocrx_word' id='word_1_137' title='bbox 1838 1882 1973 1914; x_wconf 74' lang='lat' dir='ltr'><strong>con-</strong></span> 
     </span>
     <span class='ocr_line' id='line_1_21' title="bbox 230 1932 1966 2024; baseline -0.003 -19"><span class='ocrx_word' id='word_1_138' title='bbox 230 1953 566 2024; x_wconf 86' lang='lat' dir='ltr'><strong>spiciuntur,</strong></span> <span class='ocrx_word' id='word_1_139' title='bbox 610 1961 662 2003; x_wconf 79' lang='lat' dir='ltr'><strong>et</strong></span> <span class='ocrx_word' id='word_1_140' title='bbox 699 1960 829 2001; x_wconf 83' lang='lat' dir='ltr'><strong>tunc</strong></span> <span class='ocrx_word' id='word_1_141' title='bbox 865 1948 1085 2001; x_wconf 85' lang='lat' dir='ltr'><strong>tandem</strong></span> <span class='ocrx_word' id='word_1_142' title='bbox 1120 1959 1243 2001; x_wconf 85' lang='lat' dir='ltr'><strong>cute</strong></span> <span class='ocrx_word' id='word_1_143' title='bbox 1274 1949 1474 2001; x_wconf 81' lang='lat' dir='ltr'><strong>iterum</strong></span> <span class='ocrx_word' id='word_1_144' title='bbox 1522 1932 1789 2017; x_wconf 85' lang='lat' dir='ltr'><strong>deposita,</strong></span> <span class='ocrx_word' id='word_1_145' title='bbox 1853 1948 1966 2000; x_wconf 81' lang='lat' dir='ltr'><strong>alas</strong></span> 
     </span>
     <span class='ocr_line' id='line_1_22' title="bbox 226 2034 916 2110; baseline -0.01 -19"><span class='ocrx_word' id='word_1_146' title='bbox 226 2038 501 2110; x_wconf 80' lang='lat' dir='ltr'><strong>perfectas</strong></span> <span class='ocrx_word' id='word_1_147' title='bbox 544 2034 916 2086; x_wconf 76' lang='lat' dir='ltr'><strong>observamus.</strong></span> 
     </span>
    </p>

    <p class='ocr_par' dir='ltr' id='par_1_7' title="bbox 229 2129 1973 3384">
     <span class='ocr_line' id='line_1_23' title="bbox 395 2129 1972 2202; baseline -0.003 -18"><span class='ocrx_word' id='word_1_148' title='bbox 395 2137 589 2202; x_wconf 86' lang='lat' dir='ltr'><strong>Longe</strong></span> <span class='ocrx_word' id='word_1_149' title='bbox 622 2133 724 2183; x_wconf 78' lang='lat' dir='ltr'><strong>alio</strong></span> <span class='ocrx_word' id='word_1_150' title='bbox 761 2131 924 2182; x_wconf 79' lang='lat' dir='ltr'>modo</span> <span class='ocrx_word' id='word_1_151' title='bbox 950 2130 1208 2200; x_wconf 82' lang='lat' dir='ltr'><strong>Diptera‚</strong></span> <span class='ocrx_word' id='word_1_152' title='bbox 1258 2131 1636 2199; x_wconf 79' lang='lat' dir='ltr'><strong>Neuroptera‚</strong></span> <span class='ocrx_word' id='word_1_153' title='bbox 1690 2129 1972 2200; x_wconf 71' lang='lat' dir='ltr'><strong>Lepidop-</strong></span> 
     </span>
     <span class='ocr_line' id='line_1_24' title="bbox 229 2214 1971 2290; baseline -0.007 -13"><span class='ocrx_word' id='word_1_154' title='bbox 229 2235 378 2284; x_wconf 84' lang='lat' dir='ltr'><strong>tera,</strong></span> <span class='ocrx_word' id='word_1_155' title='bbox 429 2220 852 2290; x_wconf 78' lang='lat' dir='ltr'><strong>Hymenopter&#39;a</strong></span> <span class='ocrx_word' id='word_1_156' title='bbox 888 2226 1050 2284; x_wconf 82' lang='lat' dir='ltr'><strong>atque</strong></span> <span class='ocrx_word' id='word_1_157' title='bbox 1079 2215 1403 2285; x_wconf 80' lang='lat' dir='ltr'><strong>Coleoptera</strong></span> <span class='ocrx_word' id='word_1_158' title='bbox 1439 2216 1495 2265; x_wconf 86' lang='lat' dir='ltr'><strong>in</strong></span> <span class='ocrx_word' id='word_1_159' title='bbox 1520 2225 1715 2266; x_wconf 85' lang='lat' dir='ltr'><strong>statum</strong></span> <span class='ocrx_word' id='word_1_160' title='bbox 1747 2214 1971 2283; x_wconf 78' lang='lat' dir='ltr'><strong>perfec-</strong></span> 
     </span>
     <span class='ocr_line' id='line_1_25' title="bbox 229 2298 1973 2368; baseline -0.006 -8"><span class='ocrx_word' id='word_1_161' title='bbox 229 2319 348 2362; x_wconf 83' lang='lat' dir='ltr'><strong>tum</strong></span> <span class='ocrx_word' id='word_1_162' title='bbox 372 2313 670 2357; x_wconf 84' lang='lat' dir='ltr'><strong>transeunt.</strong></span> <span class='ocrx_word' id='word_1_163' title='bbox 753 2303 842 2353; x_wconf 84' lang='lat' dir='ltr'><strong>Ex</strong></span> <span class='ocrx_word' id='word_1_164' title='bbox 867 2319 971 2352; x_wconf 89' lang='lat' dir='ltr'><strong>ovo</strong></span> <span class='ocrx_word' id='word_1_165' title='bbox 995 2300 1140 2351; x_wconf 81' lang='lat' dir='ltr'><strong>enim</strong></span> <span class='ocrx_word' id='word_1_166' title='bbox 1165 2318 1449 2368; x_wconf 78' lang='lat' dir='ltr'><strong>nunquam</strong></span> <span class='ocrx_word' id='word_1_167' title='bbox 1475 2298 1661 2350; x_wconf 82' lang='lat' dir='ltr'><strong>idolon</strong></span> <span class='ocrx_word' id='word_1_168' title='bbox 1684 2309 1849 2351; x_wconf 87' lang='lat' dir='ltr'><strong>status</strong></span> <span class='ocrx_word' id='word_1_169' title='bbox 1875 2300 1973 2349; x_wconf 85' lang='lat' dir='ltr'><strong>de-</strong></span> 
     </span>
     <span class='ocr_line' id='line_1_26' title="bbox 236 2382 1971 2458; baseline -0.005 -15"><span class='ocrx_word' id='word_1_170' title='bbox 236 2389 452 2452; x_wconf 85' lang='lat' dir='ltr'><strong>clarati,</strong></span> <span class='ocrx_word' id='word_1_171' title='bbox 523 2386 614 2438; x_wconf 83' lang='lat' dir='ltr'><strong>sed</strong></span> <span class='ocrx_word' id='word_1_172' title='bbox 659 2385 860 2437; x_wconf 84' lang='lat' dir='ltr'><strong>vermis</strong></span> <span class='ocrx_word' id='word_1_173' title='bbox 906 2384 1123 2453; x_wconf 82' lang='lat' dir='ltr'><strong>quidam</strong></span> <span class='ocrx_word' id='word_1_174' title='bbox 1173 2383 1535 2458; x_wconf 76' lang='lat' dir='ltr'><strong>cylindricus,</strong></span> <span class='ocrx_word' id='word_1_175' title='bbox 1593 2382 1757 2434; x_wconf 81' lang='lat' dir='ltr'>modo</span> <span class='ocrx_word' id='word_1_176' title='bbox 1795 2383 1971 2454; x_wconf 80' lang='lat' dir='ltr'><strong>capite</strong></span> 
     </span>
     <span class='ocr_line' id='line_1_27' title="bbox 233 2467 1967 2544; baseline -0.006 -16"><span class='ocrx_word' id='word_1_177' title='bbox 233 2494 362 2528; x_wconf 89' lang='lat' dir='ltr'><strong>cum</strong></span> <span class='ocrx_word' id='word_1_178' title='bbox 384 2471 635 2544; x_wconf 82' lang='lat' dir='ltr'><strong>pedibus,</strong></span> <span class='ocrx_word' id='word_1_179' title='bbox 692 2470 854 2520; x_wconf 83' lang='lat' dir='ltr'><strong>modo</strong></span> <span class='ocrx_word' id='word_1_180' title='bbox 882 2468 962 2520; x_wconf 87' lang='lat' dir='ltr'><strong>his</strong></span> <span class='ocrx_word' id='word_1_181' title='bbox 990 2468 1115 2519; x_wconf 83' lang='lat' dir='ltr'><strong>solis</strong></span> <span class='ocrx_word' id='word_1_182' title='bbox 1143 2468 1451 2533; x_wconf 79' lang='lat' dir='ltr'><strong>destitutus,</strong></span> <span class='ocrx_word' id='word_1_183' title='bbox 1505 2467 1598 2537; x_wconf 73' lang='lat' dir='ltr'><strong>qui</strong></span> <span class='ocrx_word' id='word_1_184' title='bbox 1624 2478 1747 2538; x_wconf 83' lang='lat' dir='ltr'><strong>post</strong></span> <span class='ocrx_word' id='word_1_185' title='bbox 1786 2469 1967 2519; x_wconf 82' lang='lat' dir='ltr'><strong>varios</strong></span> 
     </span>
     <span class='ocr_line' id='line_1_28' title="bbox 233 2551 1964 2625; baseline -0.005 -14"><span class='ocrx_word' id='word_1_186' title='bbox 233 2578 391 2612; x_wconf 85' lang='lat' dir='ltr'><strong>casus</strong></span> <span class='ocrx_word' id='word_1_187' title='bbox 456 2567 615 2625; x_wconf 84' lang='lat' dir='ltr'><strong>atque</strong></span> <span class='ocrx_word' id='word_1_188' title='bbox 667 2553 1143 2608; x_wconf 74' lang='lat' dir='ltr'><strong>transmutationes</strong></span> <span class='ocrx_word' id='word_1_189' title='bbox 1194 2553 1250 2605; x_wconf 87' lang='lat' dir='ltr'><strong>in</strong></span> <span class='ocrx_word' id='word_1_190' title='bbox 1299 2555 1571 2605; x_wconf 82' lang='lat' dir='ltr'><strong>Inseotum</strong></span> <span class='ocrx_word' id='word_1_191' title='bbox 1627 2551 1964 2603; x_wconf 84' lang='lat' dir='ltr'><strong>declaratum</strong></span> 
     </span>
     <span class='ocr_line' id='line_1_29' title="bbox 232 2633 1969 2701; baseline -0.006 -5"><span class='ocrx_word' id='word_1_192' title='bbox 232 2643 440 2697; x_wconf 84' lang='lat' dir='ltr'><strong>transit.</strong></span> <span class='ocrx_word' id='word_1_193' title='bbox 511 2643 572 2692; x_wconf 79' lang='lat' dir='ltr'><strong>Iu</strong></span> <span class='ocrx_word' id='word_1_194' title='bbox 601 2640 770 2701; x_wconf 75' lang='lat' dir='ltr'><strong>larva,</strong></span> <span class='ocrx_word' id='word_1_195' title='bbox 810 2633 916 2689; x_wconf 73' lang='lat' dir='ltr'><strong>ho&#39;c</strong></span> <span class='ocrx_word' id='word_1_196' title='bbox 942 2639 1084 2689; x_wconf 83' lang='lat' dir='ltr'><strong>enim</strong></span> <span class='ocrx_word' id='word_1_197' title='bbox 1108 2638 1310 2688; x_wconf 75' lang='lat' dir='ltr'><strong>vermis</strong></span> <span class='ocrx_word' id='word_1_198' title='bbox 1328 2637 1470 2689; x_wconf 81' lang='lat' dir='ltr'><strong>illius</strong></span> <span class='ocrx_word' id='word_1_199' title='bbox 1497 2655 1720 2695; x_wconf 83' lang='lat' dir='ltr'><strong>nomen,</strong></span> <span class='ocrx_word' id='word_1_200' title='bbox 1760 2635 1969 2687; x_wconf 74' lang='lat' dir='ltr'><strong>viscera</strong></span> 
     </span>
     <span class='ocr_line' id='line_1_30' title="bbox 232 2719 1966 2793; baseline -0.006 -13"><span class='ocrx_word' id='word_1_201' title='bbox 232 2728 407 2781; x_wconf 84' lang='lat' dir='ltr'><strong>multo</strong></span> <span class='ocrx_word' id='word_1_202' title='bbox 433 2725 599 2793; x_wconf 87' lang='lat' dir='ltr'><strong>magis</strong></span> <span class='ocrx_word' id='word_1_203' title='bbox 627 2723 940 2787; x_wconf 75' lang='lat' dir='ltr'><strong>obliterant,</strong></span> <span class='ocrx_word' id='word_1_204' title='bbox 983 2723 1056 2774; x_wconf 83' lang='lat' dir='ltr'><strong>ita</strong></span> <span class='ocrx_word' id='word_1_205' title='bbox 1080 2733 1139 2773; x_wconf 87' lang='lat' dir='ltr'><strong>ut</strong></span> <span class='ocrx_word' id='word_1_206' title='bbox 1178 2722 1396 2791; x_wconf 78' lang='lat' dir='ltr'><strong>imagini</strong></span> <span class='ocrx_word' id='word_1_207' title='bbox 1421 2721 1581 2791; x_wconf 86' lang='lat' dir='ltr'><strong>plane</strong></span> <span class='ocrx_word' id='word_1_208' title='bbox 1611 2719 1966 2772; x_wconf 78' lang='lat' dir='ltr'><strong>dissimillima</strong></span> 
     </span>
     <span class='ocr_line' id='line_1_31' title="bbox 229 2805 1967 2874; baseline -0.006 -10"><span class='ocrx_word' id='word_1_209' title='bbox 229 2811 490 2864; x_wconf 83' lang='lat' dir='ltr'><strong>invenias.</strong></span> <span class='ocrx_word' id='word_1_210' title='bbox 578 2808 772 2861; x_wconf 78' lang='lat' dir='ltr'><strong>Tubus</strong></span> <span class='ocrx_word' id='word_1_211' title='bbox 811 2806 1122 2859; x_wconf 81' lang='lat' dir='ltr'><strong>intestinalis</strong></span> <span class='ocrx_word' id='word_1_212' title='bbox 1153 2808 1386 2858; x_wconf 78' lang='lat' dir='ltr'><strong>crassior</strong></span> <span class='ocrx_word' id='word_1_213' title='bbox 1410 2805 1610 2857; x_wconf 82' lang='lat' dir='ltr'><strong>scilicet</strong></span> <span class='ocrx_word' id='word_1_214' title='bbox 1635 2816 1687 2856; x_wconf 87' lang='lat' dir='ltr'><strong>et</strong></span> <span class='ocrx_word' id='word_1_215' title='bbox 1716 2805 1967 2874; x_wconf 84' lang='lat' dir='ltr'><strong>amplior,</strong></span> 
     </span>
     <span class='ocr_line' id='line_1_32' title="bbox 230 2887 1967 2961; baseline -0.006 -12"><span class='ocrx_word' id='word_1_216' title='bbox 230 2896 351 2949; x_wconf 83' lang='lat' dir='ltr'><strong>fere</strong></span> <span class='ocrx_word' id='word_1_217' title='bbox 404 2893 645 2945; x_wconf 75' lang='lat' dir='ltr'><strong>canalem</strong></span> <span class='ocrx_word' id='word_1_218' title='bbox 700 2910 970 2961; x_wconf 77' lang='lat' dir='ltr'><strong>nusquam</strong></span> <span class='ocrx_word' id='word_1_219' title='bbox 1024 2891 1300 2943; x_wconf 80' lang='lat' dir='ltr'><strong>diversum</strong></span> <span class='ocrx_word' id='word_1_220' title='bbox 1356 2889 1544 2941; x_wconf 82' lang='lat' dir='ltr'><strong>refert.</strong></span> <span class='ocrx_word' id='word_1_221' title='bbox 1644 2887 1967 2940; x_wconf 82' lang='lat' dir='ltr'><strong>Stomachus</strong></span> 
     </span>
     <span class='ocr_line' id='line_1_33' title="bbox 233 2972 1965 3048; baseline -0.006 -15"><span class='ocrx_word' id='word_1_222' title='bbox 233 2998 493 3048; x_wconf 82' lang='lat' dir='ltr'><strong>magnus,</strong></span> <span class='ocrx_word' id='word_1_223' title='bbox 565 2978 843 3045; x_wconf 78' lang='lat' dir='ltr'><strong>elongatus</strong></span> <span class='ocrx_word' id='word_1_224' title='bbox 888 2975 1190 3027; x_wconf 77' lang='lat' dir='ltr'><strong>maximam</strong></span> <span class='ocrx_word' id='word_1_225' title='bbox 1238 2974 1467 3044; x_wconf 82' lang='lat' dir='ltr'><strong>arripuit</strong></span> <span class='ocrx_word' id='word_1_226' title='bbox 1500 2983 1742 3043; x_wconf 80' lang='lat' dir='ltr'><strong>partem,</strong></span> <span class='ocrx_word' id='word_1_227' title='bbox 1809 2972 1965 3023; x_wconf 83' lang='lat' dir='ltr'><strong>ilium</strong></span> 
     </span>
     <span class='ocr_line' id='line_1_34' title="bbox 234 3060 1964 3135; baseline -0.005 -20"><span class='ocrx_word' id='word_1_228' title='bbox 234 3063 554 3135; x_wconf 75' lang='lat' dir='ltr'><strong>praesertim</strong></span> <span class='ocrx_word' id='word_1_229' title='bbox 592 3072 753 3130; x_wconf 79' lang='lat' dir='ltr'><strong>atque</strong></span> <span class='ocrx_word' id='word_1_230' title='bbox 789 3062 950 3112; x_wconf 74' lang='lat' dir='ltr'><strong>colon</strong></span> <span class='ocrx_word' id='word_1_231' title='bbox 980 3060 1383 3132; x_wconf 82' lang='lat' dir='ltr'><strong>brevissimum.</strong></span> <span class='ocrx_word' id='word_1_232' title='bbox 1468 3060 1759 3110; x_wconf 77' lang='lat' dir='ltr'><strong>Praeterea</strong></span> <span class='ocrx_word' id='word_1_233' title='bbox 1788 3066 1964 3108; x_wconf 80' lang='lat' dir='ltr'><strong>totum</strong></span> 
     </span>
     <span class='ocr_line' id='line_1_35' title="bbox 234 3140 1967 3217; baseline -0.006 -17"><span class='ocrx_word' id='word_1_234' title='bbox 234 3167 434 3217; x_wconf 86' lang='lat' dir='ltr'><strong>corpus</strong></span> <span class='ocrx_word' id='word_1_235' title='bbox 471 3164 645 3197; x_wconf 85' lang='lat' dir='ltr'><strong>massa</strong></span> <span class='ocrx_word' id='word_1_236' title='bbox 684 3145 929 3215; x_wconf 76' lang='lat' dir='ltr'><strong>adiposa‚</strong></span> <span class='ocrx_word' id='word_1_237' title='bbox 986 3146 1216 3197; x_wconf 75' lang='lat' dir='ltr'><strong>lamellis</strong></span> <span class='ocrx_word' id='word_1_238' title='bbox 1262 3145 1503 3212; x_wconf 77' lang='lat' dir='ltr'><strong>sejuncta</strong></span> <span class='ocrx_word' id='word_1_239' title='bbox 1550 3142 1810 3210; x_wconf 69' lang='lat' dir='ltr'><strong>complet,</strong></span> <span class='ocrx_word' id='word_1_240' title='bbox 1879 3140 1967 3191; x_wconf 83' lang='lat' dir='ltr'><strong>cui</strong></span> 
     </span>
     <span class='ocr_line' id='line_1_36' title="bbox 234 3226 1965 3298; baseline -0.006 -13"><span class='ocrx_word' id='word_1_241' title='bbox 234 3250 364 3285; x_wconf 74' lang='lat' dir='ltr'><strong>vasa</strong></span> <span class='ocrx_word' id='word_1_242' title='bbox 390 3229 603 3282; x_wconf 81' lang='lat' dir='ltr'><strong>bilifera</strong></span> <span class='ocrx_word' id='word_1_243' title='bbox 621 3230 934 3281; x_wconf 77' lang='lat' dir='ltr'><strong>intermixta</strong></span> <span class='ocrx_word' id='word_1_244' title='bbox 962 3240 1103 3281; x_wconf 86' lang='lat' dir='ltr'><strong>sunt.</strong></span> <span class='ocrx_word' id='word_1_245' title='bbox 1171 3229 1396 3298; x_wconf 83' lang='lat' dir='ltr'><strong>Organa</strong></span> <span class='ocrx_word' id='word_1_246' title='bbox 1420 3226 1781 3297; x_wconf 80' lang='lat' dir='ltr'><strong>generationis</strong></span> <span class='ocrx_word' id='word_1_247' title='bbox 1803 3226 1965 3294; x_wconf 78' lang='lat' dir='ltr'><strong>plane</strong></span> 
     </span>
     <span class='ocr_line' id='line_1_37' title="bbox 232 3308 1964 3384; baseline -0.005 -17"><span class='ocrx_word' id='word_1_248' title='bbox 232 3316 411 3381; x_wconf 85' lang='lat' dir='ltr'><strong>nulla,</strong></span> <span class='ocrx_word' id='word_1_249' title='bbox 454 3313 683 3367; x_wconf 77' lang='lat' dir='ltr'><strong>vixdum</strong></span> <span class='ocrx_word' id='word_1_250' title='bbox 710 3314 1032 3384; x_wconf 77' lang='lat' dir='ltr'><strong>conspicua,</strong></span> <span class='ocrx_word' id='word_1_251' title='bbox 1065 3313 1400 3367; x_wconf 70' lang='lat' dir='ltr'><strong>noduiorum</strong></span> <span class='ocrx_word' id='word_1_252' title='bbox 1419 3352 1431 3376; x_wconf 71' lang='lat'>7</span> <span class='ocrx_word' id='word_1_253' title='bbox 1477 3331 1506 3362; x_wconf 92' lang='lat' dir='ltr'><strong>e</strong></span> <span class='ocrx_word' id='word_1_254' title='bbox 1534 3309 1729 3380; x_wconf 82' lang='lat' dir='ltr'><strong>quibus</strong></span> <span class='ocrx_word' id='word_1_255' title='bbox 1759 3309 1866 3360; x_wconf 81' lang='lat' dir='ltr'><strong>duo</strong></span> <span class='ocrx_word' id='word_1_256' title='bbox 1896 3308 1964 3359; x_wconf 85' lang='lat' dir='ltr'><strong>fi-</strong></span> 
     </span>
    </p>
   </div>
  </div>
 </body>
</html>
