2069 3697
674 159 1252 213 ...ψῃ-ὴ...

105 335 272 369 anum
305 334 573 386 expansa,
624 317 956 385 junguntur,
1008 317 1159 384 cujus
1193 315 1334 368 rami
1369 334 1470 387 per
1497 328 1673 371 totum
1711 337 1830 371 cor-

103 418 204 470 pus
241 400 304 450 ad
344 400 524 451 omnia
560 400 923 451 transducunt
964 417 1167 468 organa
1210 391 1491 452 a‘esi‘em.3⁰)
1591 402 1716 453 Hac
1760 420 1831 454 ex

104 501 261 537 causa
289 484 448 535 etiam
474 502 732 535 vasorum
758 482 996 535 defectus
1026 484 1285 552 explicari
1309 495 1499 554 potest.

260 568 437 618 Porro
479 567 958 636 generationis
1007 586 1210 636 organa
1265 568 1536 623 abdomen
1586 568 1831 623 includit.

99 649 383 702 Feminina
418 651 616 702 ovariis
652 650 862 702 duobus
889 652 1126 719 magnis,
1179 652 1486 722 saepissime
1523 651 1835 709 monilifor-

101 733 304 798 mibus,
366 735 636 786 multoties
676 735 910 804 partitiS,
976 735 1146 797 tubis,
1210 747 1366 788 utero
1406 748 1568 808 atque
1609 737 1834 805 vagina3

98 819 395 870 masculina
427 819 678 870 testiculis
715 818 988 870 interdum
1026 818 1276 888 pluribus
1311 821 1367 871 in
1403 832 1638 890 utroque
1662 821 1834 874 latere

98 901 240 952 inter
268 923 323 954 se
352 903 680 971 conjunctis,
734 920 861 953 vaso
889 901 1164 952 deferente
1195 914 1354 973 atque
1378 905 1615 956 vesicula
1644 923 1833 957 semen

102 986 411 1038 continente
454 996 878 1052 componuntur.
973 987 1263 1041 Praeterea
1296 988 1507 1039 vesicae
1544 989 1677 1039 aliae
1717 988 1834 1042 sive

100 1070 345 1132 canales,
418 1068 713 1123 feminibus
751 1079 909 1137 atque
942 1068 1184 1120 maribus
1222 1089 1543 1124 communes
1583 1091 1708 1124 oum
1747 1072 1833 1125 his

102 1152 395 1204 cohaerent
431 1153 673 1221 organis,
736 1171 969 1220 quarum
1009 1171 1138 1203 usus
1178 1152 1358 1206 adhuc
1393 1156 1549 1220 latet3
1597 1154 1833 1208 fortasse

102 1254 434 1304 organorum
475 1236 922 1305 uropo'e'ticorum
947 1235 1284 1289 functionem
1312 1239 1630 1309 suscipiunt.
1717 1240 1834 1292 Or-

99 1337 236 1387 gana
270 1321 629 1390 generationis
666 1331 891 1372 externa
929 1320 1323 1384 diversissima,
1371 1323 1732 1394 quamobrem
1759 1323 1834 1376 si-

95 1393 276 1456 lentio*
300 1404 677 1474 praeterimus.
701 1394 760 1439 31)

262 1489 512 1562 Systema
555 1506 930 1539 nervorum
975 1487 1225 1558 simplex.
1293 1490 1487 1542 Nodus
1514 1491 1832 1544 medullaris

96 1569 151 1621 in
177 1573 350 1640 capite
374 1573 502 1625 situs
539 1570 827 1623 cerebrum
861 1570 1050 1624 refert.
1143 1574 1352 1627 Emittit
1379 1594 1596 1645 quoqne
1632 1595 1832 1630 nervos

99 1655 165 1705 ad
202 1657 415 1719 oculos,
483 1667 767 1719 antennas,
841 1675 900 1707 os
949 1667 1075 1718 eto.,
1141 1659 1303 1710 simul
1344 1659 1621 1712 filamenta
1659 1660 1765 1711 duo
1802 1680 1833 1712 e

97 1740 267 1791 latere
301 1740 586 1810 posteriori
622 1739 885 1809 originem
912 1739 1117 1792 ducunt
1157 1731 1317 1812 atque
1362 1744 1648 1796 duodecies
1689 1745 1833 1797 inter

101 1843 157 1875 se
180 1826 465 1893 conjuncta
489 1823 553 1874 ad
584 1842 749 1874 anum
776 1823 1123 1876 descendunt.
1181 1829 1272 1880 Ex
1292 1847 1507 1898 quoque
1531 1847 1663 1879 vero
1687 1829 1833 1880 nodo

100 1910 259 1961 nervi
284 1920 515 1976 quatuor
551 1908 820 1973 laterales,
866 1908 933 1958 ad
960 1908 1168 1961 viscera
1194 1924 1600 1981 procurrentes,
1642 1914 1833 1965 oriun-

99 2002 208 2044 tur.
293 1994 442 2045 Inter
484 1991 775 2043 cerebrum
827 2003 878 2043 et
910 1993 1185 2061 ganglium
1215 1995 1456 2065 primum
1496 1997 1832 2066 oesophagus

99 2075 379 2128 filamenta
409 2077 502 2127 illa
535 2076 787 2145 sejungit,
848 2075 920 2127 ita
959 2087 1018 2128 ut
1050 2088 1224 2132 totum
1259 2099 1561 2132 nervorum
1597 2067 1835 2150 systema

97 2160 151 2211 in
174 2161 420 2212 inferiori
446 2160 691 2230 corporis
716 2169 871 2230 parte
895 2161 1084 2229 jaceat.
1143 2163 1336 2215 Tubus
1359 2164 1674 2216 intestinalis
1700 2183 1836 2235 pro-

96 2245 247 2314 prios
271 2264 470 2297 nervos
487 2283 500 2307 ,
541 2262 715 2297 nervo
739 2243 1080 2314 sympathico
1104 2247 1347 2298 maximo
1371 2250 1687 2300 animalium
1713 2267 1833 2300 ma-

98 2333 176 2401 gis
199 2330 547 2381 exsolutorum
575 2328 1088 2398 correspondentes,
1142 2332 1234 2401 qui
1255 2352 1284 2384 e
1313 2332 1539 2384 cerebro
1570 2333 1834 2402 originem

99 2417 332 2478 ducunt,
385 2403 661 2480 aecipit.5²>

258 2497 383 2550 Tali
419 2496 580 2546 modo
606 2495 792 2565 paucis
817 2495 997 2549 verbis
1032 2508 1197 2549 totam
1230 2501 1567 2552 Insectorum
1592 2511 1835 2555 structu-

96 2601 220 2634 ram
243 2598 519 2649 exponere
544 2591 767 2632 conatus
795 2599 915 2631 sum
932 2620 946 2645 ,
990 2600 1138 2633 nunc
1162 2583 1230 2657 ad
1256 2595 1511 2636 naturam
1534 2587 1730 2657 lnseoti
1754 2587 1834 2638 in-

98 2666 418 2736 quirendam
447 2665 675 2717 transitu
715 2682 852 2735 opus
880 2676 974 2717 est.

151 2822 231 2875 30)
265 2820 312 2862 C.
338 2822 575 2863 SPRENGEL
612 2825 947 2866 commentarius
981 2825 1035 2867 de
1070 2826 1292 2882 partibus,
1346 2828 1504 2883 quibus
1534 2829 1702 2871 insecta
1734 2829 1834 2885 spi-

207 2881 338 2918 ritum
363 2878 542 2919 ducunt.
590 2881 712 2934 Lips.
735 2881 832 2922 815.
885 2880 927 2922 4.
978 2899 1013 2924 c.
1040 2884 1129 2923 tab.

153 2948 233 3002 31)
265 2948 555 2990 Conferantur
579 2950 632 2991 de
655 2961 891 3007 systemate
913 2955 1194 3007 genitalium:

210 3009 246 3047 J.
279 3007 781 3101 LOHEZETscuwfflLJ-:n
815 3009 918 3050 diss.
953 3010 1007 3051 de
1039 3014 1308 3054 insectorum
1343 3012 1621 3066 genitalibus.
1681 3010 1835 3052 Turici

270 3064 324 3102 82
359 3093 368 3102 .
455 3092 463 3102 .

206 3120 403 3159 Jon‘m‘x.
441 3120 635 3160 Mtttm
677 3121 787 3161 iiber
835 3122 906 3163 (lie
943 3124 1364 3171 Gesoltlechtstheile
1400 3125 1477 3166 der
1511 3127 1732 3175 insecten,
1786 3124 1834 3163 in

270 3176 381 3215 Nov.
408 3184 489 3214 act.
516 3191 605 3217 soc.
632 3187 722 3216 nat.
749 3193 838 3218 cur.
865 3178 1142 3238 Caes.Leop.
1167 3184 1269 3224 Vol.
1284 3184 1384 3223 XII.
1410 3184 1507 3236 μζ).
1531 3197 1630 3238 pag.
1644 3180 1833 3235 55seqq·

210 3231 292 3270 Fn.
317 3234 518 3272 Smenow
553 3236 599 3273 in
625 3234 881 3275 Zeitsohrift
905 3237 975 3276 ftis
1009 3237 1079 3278 die
1116 3253 1205 3294 org.
1233 3241 1367 3295 Phys.
1395 3241 1447 3278 ll.
1472 3240 1512 3279 3.
1539 3240 1636 3279 231.

154 3298 233 3352 32)
265 3302 366 3344 Jolf-
389 3302 584 3349 Mfitmn,
621 3303 727 3344 iiber
762 3304 837 3345 das
859 3307 1202 3364 Nervensystem
1233 3309 1311 3351 der
1330 3308 1616 3364 Eingeweide
1644 3306 1716 3347 bei
1747 3303 1836 3345 den

207 3358 433 3400 Insecten:
465 3361 511 3399 in
535 3375 647 3401 nova
674 3370 769 3402 acta
791 3377 879 3404 soc.
908 3373 999 3405 nat.
1025 3379 1114 3407 cur.
1138 3366 1263 3410 Caes.
1289 3367 1428 3421 Leop.
1456 3366 1558 3408 Vol.
1585 3363 1712 3407 XIV.
1733 3360 1832 3404 RE.
