2069 3697
792 155 1367 213 *gg-m,

384 311 754 382 Lepidoptera
783 331 817 363 a
853 313 1041 365 ceteris
1082 314 1333 367 omnibus
1369 316 1526 369 valde
1563 318 1821 370 differunt
1855 337 1951 368 01·-

223 393 454 460 dinibus,
495 396 722 465 Apiaria
745 398 922 448 solum
952 400 1538 468 eHymenopterorum
1563 403 1753 453 ordine
1774 413 1951 454 trans-

225 480 423 531 ducere
446 480 727 545 videntur,
759 482 912 532 sicuti
941 493 989 534 et
1011 482 1331 552 Bombylica
1352 495 1512 553 atque
1536 487 1942 537 Tabanicorum

222 564 431 634 singula
455 582 681 632 genera,
726 565 867 632 quod
894 566 1001 617 iam
1028 567 1170 634 apud
1199 567 1426 634 Diptera
1451 570 1656 619 monui.
1743 572 1950 637 Quam·

226 667 388 717 quam
428 667 561 700 vero
610 648 665 699 iu
702 648 784 698 his
819 660 1096 701 structura
1136 651 1300 702 rostri
1350 652 1509 720 longe
1547 653 1756 703 diversa
1790 666 1952 722 atque

222 733 457 801 speciem
482 742 691 784 tantum
717 732 1078 784 similitudinis
1104 752 1237 802 prae
1261 754 1317 784 se
1338 733 1470 799 sert,
1528 755 1653 786 cum
1678 737 1731 786 in
1754 737 1952 805 Dipte-

224 816 298 868 ris
327 835 513 867 omnes
553 816 661 866 oris
689 827 895 884 partes,
948 818 1003 868 in
1051 819 1482 888 HymenOpteris
1518 819 1810 888 praecipue
1845 821 1951 870 lin-

219 918 382 969 guam
401 937 414 962 ,
453 901 509 950 in
535 899 911 984 Lepidopteris
934 920 1068 952 vero
1098 903 1345 953 maxillas
1371 903 1641 971 elongatas
1668 915 1827 971 atque
1850 903 1952 971 spi-

218 985 405 1036 raliter
430 984 702 1036 involutas
731 984 1100 1049 inveniamUS‚
1159 997 1340 1038 tamen
1368 986 1579 1037 easdem
1606 986 1848 1038 variandi
1872 988 1954 1037 le-

219 1088 308 1138 ges
333 1069 387 1120 in
414 1069 495 1120 his
529 1068 782 1119 (minibus
813 1070 1198 1133 observamus,
1265 1072 1626 1138 quamobrem
1657 1090 1830 1121 unum
1859 1089 1955 1120 or-

224 1154 403 1205 dinem
432 1154 489 1204 in
526 1154 760 1203 alterum
796 1156 1058 1217 transire,
1114 1155 1319 1204 etiamsi
1359 1156 1602 1224 corporis
1636 1154 1820 1205 forma
1855 1173 1955 1206 ex·-

221 1249 374 1291 terna
397 1239 556 1306 longe
580 1237 883 1297 recederet,
929 1238 1072 1288 haud
1103 1249 1274 1306 potest
1300 1238 1566 1307 denegari.

388 1322 552 1391 Quod
601 1321 667 1370 ad
705 1321 1041 1372 familiarum
1095 1322 1526 1374 distributionem
1574 1323 1789 1390 attinet,
1856 1340 1953 1390 ego

224 1407 439 1477 quidem
464 1407 505 1457 P
525 1405 998 1474 terophorites
1040 1406 1291 1457 infimum
1322 1406 1567 1458 obtinere
1594 1407 1775 1458 locum
1804 1418 1953 1475 puto,

224 1492 366 1562 quod
402 1501 452 1541 et
477 1491 758 1540 larvarum
785 1489 963 1540 forma
988 1500 1038 1541 et
1064 1491 1197 1553 vita,
1241 1490 1396 1541 sicuti
1430 1492 1676 1543 animalis
1701 1490 1955 1541 declarati

224 1585 498 1628 structura
535 1574 760 1623 minima
802 1584 964 1642 atque
1002 1573 1317 1635 mollissima
1351 1585 1589 1626 testatur.
1696 1574 1955 1642 Quodam

224 1659 385 1712 etiam
411 1658 571 1708 modo
597 1658 1014 1726 Tipulariorum
1041 1658 1280 1710 formam
1307 1659 1671 1714 aemulantur,
1716 1658 1858 1726 quod
1903 1668 1955 1708 et

223 1744 542 1795 inferiorem
576 1741 773 1810 probat
809 1742 1055 1810 gradum.
1142 1743 1283 1793 Cum
1320 1742 1402 1793 his
1438 1742 1828 1794 Crambites
1875 1751 1957 1793 at·-

224 1847 329 1898 que
368 1825 733 1879 Tortrices
771 1826 1068 1877 arctissime
1118 1825 1439 1891 cohaerent,
1517 1825 1709 1895 quibus
1745 1836 1795 1877 et
1833 1825 1958 1877 Ti-

226 1912 451 1964 neites
494 1910 742 1979 apposui.
805 1911 1172 1961 LATREILLE
1199 1910 1416 1979 quidem
1448 1911 1688 1962 Tineites
1708 1909 1778 1959 'ad
1796 1906 1956 1960 Bom-

221 1996 417 2068 byoes,
457 1993 849 2046 Phalaenoides
889 2013 1020 2046 vero
1044 1993 1410 2047 Crambitibus
1433 1994 1711 2064 apposuit3
1762 1993 1956 2044 meiius

225 2099 360 2135 vero
392 2077 777 2130 Fhalaenoides
817 2089 1043 2147 propter
1080 2089 1338 2129 antennas
1369 2079 1682 2147 saepissime
1713 2077 1957 2146 pectina-

224 2176 323 2224 tas,
366 2163 660 2233 plumosas,
701 2172 862 2230 atque
889 2173 1051 2213 totam
1081 2163 1325 2231 corporis
1351 2172 1612 2213 staturam
1637 2180 1761 2213 cum
1788 2163 1958 2211 Bom-

228 2248 436 2318 bycum
465 2247 698 2310 familia,
750 2247 1063 2296 Noctuacea
1087 2265 1219 2298 vero
1256 2257 1308 2298 et
1332 2246 1568 2297 Tineites
1599 2264 1723 2296 cum
1757 2247 1955 2297 Cram—

197 2332 423 2393 >bitibus
462 2330 778 2399 iunguntur.
885 2331 1106 2382 Larvae
1140 2330 1263 2380 illae
1292 2331 1738 2382 Noctuaceorum
1795 2340 1957 2397 atque

226 2415 657 2470 Phalaenoidum
694 2413 918 2483 pedibus
953 2414 1239 2465 duodecim
1273 2414 1629 2483 ingredientes
1663 2424 1782 2465 tum
1821 2413 1958 2463 alten

226 2519 349 2553 ram
375 2518 499 2550 cum
528 2499 694 2550 altera
721 2497 1011 2550 conciliant
1042 2496 1250 2550 familia
1283 2508 1443 2567 atque
1466 2499 1559 2550 tali
1586 2497 1750 2548 modo
1781 2495 1847 2547 ab
1870 2497 1958 2546 in-

227 2583 520 2636 ferioribus
563 2581 782 2633 familiis
820 2582 886 2632 ad
921 2582 1260 2651 superiores,
1315 2580 1818 2652 Bombycoides
1874 2590 1959 2632 at-

228 2687 334 2737 que
364 2669 404 2719 P
422 2687 444 2718 s
462 2686 490 2717 e
508 2685 539 2716 u
558 2666 633 2716 do
651 2666 682 2716 b
699 2684 729 2715 o
747 2685 801 2719 m
819 2666 851 2716 b
868 2685 947 2736 yc
969 2685 1057 2727 eS‚
1100 2665 1473 2719 transducunt.
1532 2665 1634 2717 His
1657 2684 1791 2716 vero
1816 2665 1860 2715 Z
1879 2682 1959 2734 y-

227 2770 345 2821 gae
362 2769 440 2802 no
458 2751 475 2801 i
492 2750 523 2799 d
540 2769 603 2801 es
645 2751 888 2802 maxime
908 2770 966 2802 se
988 2751 1446 2820 adpropinquant,
1474 2749 1619 2819 quod
1643 2751 1757 2799 non
1776 2749 1956 2800 solum

228 2834 730 2903 metamorphoseos
778 2835 943 2898 ratio,
1022 2853 1173 2904 pupa
1222 2834 1424 2886 scilicet
1471 2832 1803 2896 folliculata,
1867 2831 1956 2883 sed

228 2920 383 2970 etiam
417 2918 733 2969 animalium
760 2916 1132 2987 perfectorum
1170 2919 1379 2969 colores
1414 2927 1575 2987 atque
1599 2918 1843 2986 picturae
1876 2927 1961 2968 te-

229 3014 459 3055 stantur.
559 3002 1044 3072 Zygaenoides
1111 3013 1415 3072 sequuntur
1464 3000 1959 3070 SphingoideS,

233 3106 367 3156 quos
404 3085 1046 3156 Hesperisphinges
1101 3105 1229 3137 cum
1268 3084 1771 3154 Hesperidibus
1814 3095 1959 3136 cete-

227 3173 410 3238 risque
440 3171 476 3220 P
493 3189 521 3220 a
540 3168 846 3237 pilionac
865 3188 1098 3221 eorum
1136 3169 1423 3239 generibus
1447 3168 1798 3236 coniungunt,
1821 3186 1960 3237 quo-

231 3273 356 3305 rum
411 3252 702 3305 similitudo
761 3272 886 3304 cum
931 3252 1611 3324 Myrmecoleontoidibus,
1662 3272 1709 3301 e.
1756 3269 1806 3319 g.
1848 3251 1960 3303 As-

233 3336 471 3407 calapliis
497 3355 596 3408 per
618 3355 845 3406 magna,
894 3338 1047 3394 sicuti
1071 3347 1121 3390 et
1160 3339 1261 3389 alia
1290 3335 1553 3405 quaedam
1577 3337 1959 3406 Nem-opture-
