2069 3697
839 168 1406 228 *38—

253 331 350 384 lon
370 328 652 401 amplum,
681 346 952 390 crassum,
991 326 1163 381 breve
1187 328 1405 395 transit,
1441 330 1527 382 cui
1550 329 1828 384 interdum
1852 351 1979 384 coe-

220 472 225 475 Δ
256 433 389 466 cum
415 431 617 479 unum,
642 414 732 466 vel
762 413 869 463 duo
892 429 1023 464 vasa
1061 430 1251 478 coeca,
1289 413 1342 464 in
1377 431 1545 467 anum
1580 416 1856 481 abeuntia,
1882 417 1981 467 ad-

254 498 595 551 haerent.—
619 499 662 549 P
681 497 717 548 h
735 494 979 568 ylloph
995 513 1274 564 agorum
1324 497 1645 566 organisatio
1671 499 1816 550 haud
1844 519 1978 552 con-

251 583 426 654 gruit3
476 583 531 634 in
557 580 879 651 quibusdam
903 578 1119 648 quidem
1155 580 1461 632 stomachos
1499 581 1630 632 duos
1656 584 1976 653 reperimUS,

251 667 495 739 plurima
521 684 654 719 vero
679 663 957 716 stomacho
979 662 1168 727 unim,
1212 664 1529 733 cylindrico,
1570 666 1815 735 elongato
1842 686 1978 736 gau-

251 751 379 803 dent
394 788 409 817 ,
451 750 602 801 cuius
622 747 761 818 apici
784 765 914 799 vasa
934 745 1148 798 bilifera
1170 766 1292 812 sex,
1349 747 1510 798 simili
1538 749 1700 799 modo
1723 764 1976 804 constru-

248 845 355 899 cta,
399 834 713 885 adhaerent.
782 830 1236 883 Scarabaeoidum
1261 832 1676 884 omnivororum
1701 844 1974 886 structura

249 918 405 990 quasi
427 917 604 969 media
631 917 773 968 inter
800 915 990 967 ambos
1027 915 1252 980 incedit,
1303 914 1504 967 habent
1540 916 1740 969 scilicet
1770 928 1976 968 stoma-

253 1003 421 1054 chum
442 1000 954 1073 Phyllophagorum
989 1010 1150 1068 atque
1184 1017 1315 1050 vasa
1340 998 1552 1050 hilisera
1578 1011 1808 1070 quatuor
1835 1002 1975 1052 Car-

245 1088 525 1153 mixtorum,
550 1084 911 1156 quamobrem
936 1082 1315 1153 Phyllophaga
1341 1102 1466 1134 cum
1496 1084 1812 1136 Carnivoris
1840 1103 1973 1136 con-

245 1173 496 1241 iungunt.
553 1194 629 1205 ··-·
684 1167 970 1221 Tracheae
989 1168 1046 1218 in
1070 1166 1419 1236 quibusdam,
1485 1187 1529 1218 θ.
1553 1168 1976 1236 g.Sca1·abanI-

246 1256 403 1308 dibus
437 1252 879 1325 amplificationes
904 1251 1106 1302 habent
1131 1251 1329 1315 ovales,
1365 1250 1478 1302 sive
1503 1252 1795 1316 vesiculas,
1832 1270 1971 1322 quae

241 1359 342 1412 per
364 1350 540 1393 totum
572 1357 628 1390 se
664 1335 963 1388 extendunt
998 1353 1225 1405 corpus,
1275 1345 1437 1404 atque
1464 1334 1535 1386 ita
1568 1334 1970 1398 similitudinem

241 1443 369 1477 cum
398 1420 751 1495 pulmonibus
779 1419 1044 1471 maiorem
1068 1419 1243 1470 adhuc
1265 1418 1519 1470 reddunt.
1579 1419 1826 1471 Eandem
1851 1419 1973 1470 for-

240 1527 393 1562 mam
429 1519 480 1561 et
513 1508 569 1559 in
596 1504 968 1574 Orthopteris‚
1013 1523 1057 1554 e.
1088 1521 1138 1572 g.
1167 1504 1408 1556 Locusta
1443 1501 1764 1555 viridissima
1807 1514 1969 1573 atque

233 1608 627 1655 verrucivora‚
663 1606 985 1658 reperimus,
1025 1613 1107 1624 -—

402 1673 738 1728 Genitalium
779 1681 1112 1724 structuram
1160 1681 1212 1722 et
1257 1670 1315 1721 in
1344 1669 1448 1721 hoc
1492 1669 1684 1722 Ordine
1729 1671 1968 1721 maxime

241 1759 542 1832 perfectam
569 1768 730 1826 atque
753 1756 1031 1808 evolutam
1047 1753 1373 1805 invenimus.
1453 1753 1741 1805 Feminina
1771 1775 1800 1805 e
1830 1755 1969 1804 duo-

244 1845 348 1897 bus
384 1852 632 1896 constant
662 1839 858 1893 ovariis
898 1838 1148 1908 digitatis‚
1200 1834 1690 1904 moniliformibus,
1744 1857 1881 1908 quae
1912 1838 1968 1889 in

237 1941 477 1994 uterum,
506 1924 888 1998 oylindrimun,
925 1923 1152 1976 brevem
1172 1932 1470 1982 transeunt,
1514 1923 1600 1974 cui
1624 1922 1803 1973 bullae
1826 1923 1966 1987 illae,

233 2015 345 2067 iam
366 2014 492 2066 satis
517 2020 878 2072 memoratae,
919 2007 1229 2058 adhaerent.
1311 2009 1384 2059 Et
1415 2006 1472 2056 in
1509 2007 1707 2059 ovariis
1745 2005 1968 2075 quibus-

241 2098 367 2150 dam
400 2098 529 2150 tales
563 2093 797 2148 vidimus
832 2091 1180 2162 appendices,
1236 2107 1281 2140 e.
1318 2108 1366 2159 g.
1399 2091 1579 2160 Hydr.
1613 2090 1780 2160 picei,
1826 2109 1965 2159 quae

238 2201 474 2235 massam
499 2178 852 2249 glutinosam,
891 2176 958 2226 ad
991 2193 1226 2228 ovorum
1248 2192 1447 2226 navem
1470 2174 1696 2225 huiusce
1717 2174 1963 2225 animalis

243 2262 673 2320 constituendam
707 2270 1015 2312 secernunt.
1134 2257 1441 2311 Masculina
1482 2258 1646 2308 modo
1690 2258 1963 2309 testiculos

237 2350 372 2403 duos
405 2365 648 2418 magnos,
687 2363 864 2396 unum
890 2343 945 2395 in
972 2353 1205 2412 utroque
1223 2342 1420 2407 latere,
1462 2341 1551 2394 vel
1571 2342 1757 2411 plures
1782 2342 1960 2393 mino..

240 2453 360 2500 res,
404 2433 497 2503 qui
533 2433 590 2484 in
623 2429 850 2482 ductum
874 2437 1155 2480 transeunt
1187 2424 1538 2490 deferentem,
1581 2425 1964 2496 cylindricum,

239 2520 552 2588 elongatum
596 2523 925 2578 monstrant3
1001 2511 1084 2563 his
1120 2509 1386 2562 accedunt
1419 2509 1743 2580 appendices
1782 2509 1959 2580 cylin-

237 2603 421 2656 drieae
442 2612 603 2670 atque
627 2598 840 2649 canales
865 2596 1176 2666 ampliores.
1213 2620 1297 2631 -—

403 2688 653 2757 Systema
681 2699 982 2734 nervorum
1006 2680 1060 2731 in
1099 2677 1351 2730 omnibus
1373 2695 1546 2747 paene
1577 2678 1823 2746 congruit
1865 2696 1960 2728 or-

208 2791 210 2793 ·
238 2770 478 2833 dinibus,
513 2778 674 2837 atque
710 2765 871 2817 unica
899 2782 1061 2836 quam
1087 2762 1441 2815 observamus
1462 2761 1693 2814 varietas
1715 2761 1957 2830 ganglio-

208 2875 212 2878 “
235 2874 365 2909 rum
397 2851 740 2924 quorundam
765 2849 996 2913 defectu7
1032 2859 1092 2899 ut
1115 2848 1169 2898 in
1189 2845 1582 2916 Lepidopteris‚
1623 2846 1737 2897 sive
1765 2845 1958 2896 maiori

232 2939 510 2992 nodorum
543 2934 928 2987 medullarium
962 2932 1106 2983 mole
1140 2941 1191 2982 et
1229 2930 1623 2999 magnitudine,
1673 2941 1733 2981 ut
1760 2930 1815 2980 iu
1841 2929 1955 2979 Or-

232 3023 522 3093 thoptcris‚
563 3018 850 3070 indicatur.
928 3017 1097 3086 Igitur
1121 3014 1330 3068 silentio
1348 3014 1641 3084 praeterivi
1664 3025 1837 3066 totum
1862 3029 1955 3083 sy-

232 3118 417 3162 stema.
500 3103 653 3159 Idem
675 3102 738 3156 de
760 3099 1120 3157 circulationis
1143 3099 1290 3155 valet
1309 3109 1612 3170 systemate.
1654 3121 1736 3132 —·
