2069 3697
642 625 983 690 CAPUT
1050 626 1644 693 SEQUNDUM.

1053 774 1217 783 -—-—-—

397 883 920 947 SYSTEMATIS
981 883 1401 945 DEDUCTIO
1464 885 1843 947 PROPRIA.

421 1200 514 1253 Sin
546 1221 710 1267 vero,
755 1195 899 1272 quod
943 1199 1105 1250 modo
1132 1198 1409 1267 explicare
1431 1212 1687 1270 expertus
1712 1219 1853 1262 sum,
1885 1199 1991 1253 duo

252 1295 465 1338 exstant
498 1286 840 1338 characteres
875 1283 1104 1342 summi,
1169 1301 1407 1352 quorum
1445 1284 1671 1353 quisque
1714 1285 1988 1355 duplicem

251 1387 386 1442 prae
412 1390 472 1422 se
492 1369 601 1423 fert
638 1370 982 1431 varietatem,
1029 1379 1264 1436 quatuor
1300 1377 1510 1419 tantum
1532 1369 1793 1420 sectiones
1815 1370 1869 1420 in
1898 1373 1992 1422 In·-

250 1466 527 1508 sectornm
570 1456 739 1507 classe
775 1452 1011 1508 inveniri
1050 1461 1313 1522 possunt,
1371 1471 1608 1521 quarum
1651 1453 1988 1505 definitiones

250 1539 354 1593 hae
397 1550 551 1591 sunt:

332 1642 376 1694 I.
418 1633 875 1706 Metamorphosis
912 1634 1210 1705 completa,
1282 1634 1646 1686 instrumenta
1685 1633 1886 1686 cibaria
1920 1634 1989 1687 li-

365 1714 367 1718 ·
417 1722 575 1787 bera,
625 1719 946 1772 mordentia.

333 1821 403 1875 ΙΙ.
446 1817 906 1888 Metamorphosis
957 1815 1316 1886 incompleta,
1379 1811 1743 1868 instrumenta.
1787 1814 1987 1868 cibaria

418 1903 618 1967 libera,
660 1898 981 1954 mordentia.

330 2007 421 2058 ΠΙ.
467 2000 930 2070 Metamorphosis
998 2000 1297 2070 completa,
1365 1999 1727 2051 instrumenta
1785 1997 1989 2051 cibaria.

418 2088 634 2151 coalita,
675 2084 926 2136 suctoria.
1856 2086 1857 2090 ’

332 2187 433 2241 IV.
477 2179 935 2250 Metamorphosis
977 2181 1332 2251 incompleta,
1384 2181 1746 2233 instrumenta
1788 2179 1988 2232 cibaria

419 2269 641 2333 coalita,
675 2266 929 2317 suctoria.

419 2367 666 2435 Quisque
712 2363 969 2432 intelliget
1013 2362 1250 2433 primam
1293 2360 1655 2412 conditionem
1688 2381 1985 2426 summum,-

255 2461 507 2520 quartam
545 2449 797 2501 infimum
840 2447 1161 2498 evolutionis
1193 2447 1424 2515 gradum
1449 2444 1720 2509 indicare,
1757 2447 2011 2515 ideoque.

253 2537 592 2587 Insectorum
622 2534 835 2594 seriem,
859 2531 926 2581 ab
953 2532 1044 2582 illa
1064 2532 1427 2600 incipientem,
1458 2529 1522 2579 ad
1550 2529 1692 2580 hanc
1717 2530 1868 2598 quasi
1892 2530 1980 2579 ul-

255 2619 441 2671 timam
477 2617 801 2669 descendere
836 2634 972 2685 opus
1013 2635 1142 2666 esse.
1207 2608 1588 2667 'Characteres
1626 2624 1807 2664 autem
1834 2614 1983 2664 ordi-

252 2704 335 2755 nis
368 2702 591 2755 secundi
625 2713 786 2769 atque
818 2700 959 2751 tertii
996 2700 1248 2768 proprias
1285 2698 1580 2750 terminant
1601 2698 1793 2755 series.
1848 2715 1985 2766 qua-

253 2805 382 2840 rum
412 2788 581 2838 altera
620 2785 774 2836 alteri
826 2783 1040 2852 quidem
1078 2782 1404 2852 opponitur,
1475 2791 1714 2832 attamen
1751 2800 1983 2850 respon·-

254 2871 342 2922 det
366 2882 527 2940 atque
551 2869 765 2920 eosdem
786 2867 947 2919 habet
982 2867 1304 2919 evolutio-nis
1329 2864 1528 2934 gradus
1547 2903 1560 2918 .
1598 2884 1700 2934 qua
1731 2885 1797 2915 ex
1825 2883 1986 2914 cansa

252 2974 355 3007 nec
380 2954 514 3006 haec
538 2954 640 3016 illi,
688 2971 788 3004 nec
826 2952 918 3002 illa
943 2951 1069 3003 huic
1094 2951 1264 3021 possit
1297 2949 1570 3019 anteponi.
1654 2945 1778 3001 ‘rati
1819 2950 1982 2998 modo

254 3039 419 3092 series
455 3039 698 3089 formant
731 3035 938 3087 mediae
972 3035 1250 3100 laterales,
1318 3051 1454 3104 quae
1487 3032 1552 3084 ab
1588 3032 1778 3083 infimo
1811 3032 1979 3100 grachi

254 3123 545 3175 transitum
570 3121 632 3172 ad
656 3139 935 3172 summum
960 3119 1274 3182 conciliantg
1317 3117 1461 3187 quod
1492 3117 1532 3168 si
1556 3117 1829 3168 schemate
1856 3135 1984 3183 quo-

257 3207 384 3257 dam
417 3224 693 3275 exponere
729 3205 892 3268 velis,
950 3202 1084 3254 haec
1129 3203 1221 3255 tibi
1246 3201 1558 3272 exprimere
1587 3211 1764 3270 posset
1804 3199 1985 3249 tabula

254 3309 500 3360 sequens.
