2069 3697
783 132 1361 191 ——36---

235 293 577 348 monstravit.
650 281 870 347 Larvae
891 291 1054 344 etiam
1082 290 1307 360 pedibus
1332 304 1549 358 carent,
1603 306 1654 348 et
1679 296 1973 365 palporum

239 378 704 447 :maxillorumque
727 376 915 429 insecti
941 375 1198 428 declarati
1223 387 1500 429 structura
1532 377 1659 430 huic
1684 379 1977 449 respondet

242 463 366 513 loco
398 459 665 513 inferiori.
751 460 974 512 Genera
1009 461 1281 512 Cossonus
1297 497 1312 524 ,
1353 459 1703 531 Rhyncolus,
1742 463 1979 515 Anthri-

242 545 347 596 bus
374 545 438 596 ad
466 543 737 597 Bostric
755 543 789 594 h
808 544 825 596 i
842 562 925 595 na
966 543 1344 596 transducunt.
1394 545 1644 597 Bruchos
1668 565 1818 611 ver0,
1856 546 1979 597 Sal-

245 628 438 699 pingos
492 638 591 680 etc·
640 627 806 697 plane
860 626 928 677 ab
989 626 1091 679 hac
1146 625 1354 677 familia
1406 628 1762 698 sejungendos
1818 641 1980 699 atque

250 710 726 764 Oedoemeritibus
760 709 951 761 forsan
998 709 1340 761 associandos
1373 728 1487 762 esse
1523 722 1672 780 put0.
1771 712 1982 764 Bostri-

249 794 537 847 chinorum
564 812 765 864 genera
786 793 1210 864 RhyzophaguS,
1247 792 1356 854 Cis,
1381 794 1623 865 Cerylon
1651 813 1775 846 cum
1801 784 1997 848 Tro-⁵

247 897 281 948 g
298 897 328 929 o
344 877 614 930 sitariis
630 915 646 940 ‚
711 897 756 929 e.
791 896 840 947 g.
874 878 1092 948 Lyctis,
1156 875 1391 929 Ditomis
1438 878 1736 930 arctissime
1786 878 1985 930 cohae-

249 970 400 1025 rent,
441 979 643 1030 genera
667 961 994 1032 Triphyllus
1011 1000 1027 1027 ,
1074 959 1372 1030 Diphyllus
1404 960 1449 1014 F
1465 980 1497 1012 u
1520 981 1554 1013 n
1570 963 1675 1031 gic
1694 962 1803 1014 ola
1856 981 1985 1014 cum

250 1045 633 1114 Trogositariis
692 1045 1051 1114 coniungunt,
1114 1062 1147 1094 a
1184 1043 1381 1113 quibus
1416 1062 1584 1113 porro
1634 1046 1700 1096 ad
1738 1046 1987 1099 Cocci-

251 1129 644 1181 nelloidum
680 1127 973 1193 familiam,
1017 1139 1068 1180 et
1095 1128 1482 1198 Clavopalp
1499 1139 1603 1180 ata
1645 1140 1892 1194 transeo,
1935 1139 1988 1182 et

251 1230 402 1264 nunc
438 1222 590 1265 trans
628 1211 1027 1265 Cassidaria
1082 1211 1149 1262 ad
1187 1209 1730 1282 Chrysomelina
1784 1231 1990 1284 prove-

251 1295 375 1347 hor.
414 1296 645 1350 Familia
665 1299 712 1351 E
730 1315 765 1347 u
779 1315 813 1366 p
829 1314 859 1346 o
876 1296 905 1346 d
919 1314 1022 1347 um
1045 1295 1242 1347 LATR.
1265 1294 1684 1366 Chrysomelina
1707 1315 1834 1348 cum
1858 1299 1901 1350 C
1920 1317 1991 1348 e·-

253 1378 694 1452 rambycinis
744 1380 1045 1449 coniungit,
1113 1388 1275 1449 atque
1317 1378 1455 1431 haec
1490 1371 1660 1433 totam
1695 1381 1992 1434 sectionem

258 1463 476 1517 claudit.

379 1548 544 1600 Nova
579 1546 741 1600 sectio
777 1547 1274 1600 Heteromerorum
1309 1565 1436 1598 cum
1471 1547 1994 1601 Oedoemeriti-

257 1629 380 1682 bus
418 1630 582 1702 incipi
615 1641 818 1702 potest,
864 1650 1101 1701 quorum
1140 1649 1312 1700 genus
1353 1631 1593 1701 Calopus
1634 1643 1862 1702 propter
1891 1650 1993 1683 an-

258 1724 553 1767 tennarum
599 1713 993 1783 longitudinem
1025 1713 1438 1784 Cerambycinis
1487 1734 1544 1766 se
1577 1715 1995 1785 adpropinquat,

261 1797 425 1848 simul
455 1809 634 1851 rostro
659 1800 906 1868 elongato
932 1799 1195 1850 instructa
1220 1797 1809 1868 Rhynchophororum
1831 1818 1996 1869 repe-

259 1891 376 1933 tant
396 1894 724 1936 structuram
740 1923 756 1947 ,
796 1883 1000 1952 talique
1020 1881 1184 1933 modo
1209 1881 1464 1934 infimum
1486 1881 1584 1933 sibi
1612 1883 1885 1935 vindicant
1910 1884 1998 1934 lo-

261 1983 407 2016 cum.
490 1967 642 2018 Tum
680 1964 1156 2019 Anthicoides
1210 1977 1503 2035 sequntur,
1551 1985 1788 2035 quorum
1824 1985 1996 2036 genus

263 2048 564 2116 Pselaphus
604 2050 978 2119 Clavigeribus
1014 2059 1240 2119 propter
1271 2051 1576 2120 elytrorum
1611 2062 1997 2119 torsorumque

265 2142 595 2185 structuram
629 2133 829 2197 affine,
899 2132 1253 2202 quamobrem
1306 2133 1600 2184 secundam
1640 2135 1998 2204 Coleoptero-

264 2234 391 2267 rum
434 2216 629 2268 seriem
667 2218 869 2287 aperit3
929 2217 1018 2267 sed
1059 2216 1184 2284 quia
1219 2216 1579 2268 instrumenta
1616 2217 1811 2268 cibaria
1835 2236 1998 2286 prae-

267 2298 454 2351 sertim
480 2301 668 2371 palpos
688 2301 963 2371 possident
988 2300 1190 2352 liberos
1206 2339 1220 2364 ,
1262 2300 1565 2368 elongatos,
1605 2300 1733 2352 huic
1757 2300 1997 2353 familiae

267 2384 593 2439 consociavi.
691 2383 821 2438 Alia
855 2403 1083 2454 genera,
1153 2403 1198 2434 e.
1235 2402 1285 2453 g.
1316 2385 1546 2453 Lagria,
1591 2385 1657 2435 ad
1694 2386 1998 2456 Helopia

266 2467 652 2534 transducunt,
689 2487 827 2538 quae
848 2487 982 2522 vero
1010 2466 1307 2520 arctissime
1327 2486 1453 2519 cum
1479 2468 1613 2520 Mel
1629 2487 1658 2518 a
1675 2488 1712 2520 n
1726 2488 1755 2518 o
1770 2489 1793 2520 s
1810 2488 1908 2520 om
1926 2488 1998 2519 a.-

269 2550 455 2602 tibus
498 2552 793 2606 cohaerent
826 2564 986 2622 atque
1019 2554 1076 2604 in
1110 2552 1280 2603 altero
1322 2551 1432 2603 fine
1468 2552 1523 2602 in
1563 2553 1997 2604 Taxicornia

269 2633 474 2686 abiunt.
579 2638 735 2688 Haec
782 2655 851 2688 ex
892 2647 1256 2689 antennarum
1284 2633 1468 2686 forma
1508 2635 1754 2706 vitaeque
1786 2637 1998 2689 ratione

269 2717 746 2771 Mordellacea
787 2731 1067 2790 sequntur,
1089 2731 1208 2772 tum
1232 2719 1799 2789 Securipalpata,
1823 2739 1852 2771 a
1876 2723 1998 2774 LA-

271 2816 565 2854 TREiLLIO
595 2805 758 2873 plane
795 2815 987 2856 contra
1022 2815 1274 2857 naturam
1311 2822 1380 2855 ex
1414 2814 1570 2872 parte
1596 2805 1996 2857 Taxicornibus

270 2885 545 2947 associata,
586 2905 724 2956 quae
745 2906 844 2957 per
867 2907 1037 2957 genus
1059 2887 1276 2941 Nothus
1300 2887 1355 2940 in
1385 2888 1493 2939 Cis
1509 2888 1602 2939 tel
1618 2907 1687 2938 ac
1703 2908 1730 2939 e
1745 2908 1776 2939 a
1818 2900 1999 2940 trans-

273 2979 419 3020 eunt.
523 2971 799 3022 Horiacea
839 2973 1057 3025 tandem
1108 2981 1269 3043 atque
1316 2971 1551 3026 Vesici
1568 2971 1704 3022 fica
1761 2982 1812 3024 et
1855 2973 1998 3024 hanc

269 3052 567 3107 terminant
593 3055 904 3109 sectionem.

434 3139 681 3190 Tertiam
716 3140 829 3191 sive
864 3141 1321 3192 Pentamerorum
1360 3137 1653 3191 sectionem
1685 3140 2001 3193 Malaco-

270 3218 569 3274 dermata
613 3223 847 3286 ducunt,
889 3223 1114 3293 quibus,
1146 3236 1294 3275 trans
1322 3222 1800 3292 Cebrionites,
1837 3224 2004 3278 Ela-

269 3304 496 3358 teroid
515 3324 578 3359 es
634 3317 793 3379 atque
833 3306 1255 3380 Buprestoid
1273 3326 1338 3361 es
1398 3306 1772 3362 conciliantur.
1867 3309 2005 3375 HOS,
